2138 3386
795 240 1076 285 „23-

83 356 242 412 quidem
262 356 391 413 :Qu
421 362 633 414 putavisse.
682 362 933 416 Quamquam
964 364 1068 404 enim
1099 364 1185 416 ipse
1216 364 1333 413 (Cim.
1359 363 1400 413 2)
1433 362 1637 416 profitetur
1668 377 1710 404 se
1740 363 1781 404 in

80 429 413 485 ωιίαωκῄηθω
441 447 522 475 non
553 435 718 476 libenter
747 435 936 476 inclinare
967 436 1104 483 solere,
1138 440 1176 475 et
1206 435 1451 484 Idomeneus,
1484 449 1602 487 quem
1624 435 1781 488 Epicuri

85 508 325 544 sectatorem
344 504 444 545 libro
471 504 558 559 περὶ
586 502 831 560 δημαγωγῶν
865 506 1054 558 inscripto
1085 506 1205 546 bilem
1236 506 1276 545 in
1306 506 1621 547 illustrissimum
1651 521 1782 559 quem-

81 587 159 627 que
180 575 389 617 hominem
417 579 603 619 effudisse
633 585 800 629 constat,
835 585 994 631 propter
1025 580 1172 620 malam
1201 580 1318 618 fidem
1338 579 1549 618 Plutarcho
1572 584 1782 630 suspectus

79 647 329 697 flumwtamen
349 661 398 689 ex
413 650 477 689 -eis
499 651 610 700 locis,
644 652 785 702 quibus
807 651 892 691 eius
914 651 1104 700 meminit,
1137 652 1264 690 elucet
1290 663 1380 690 eum
1401 650 1485 689 eius
1507 649 1780 690 auctoritatem

79 724 161 760 non
181 717 245 760 ita
273 720 487 772 respuisse,
520 726 564 762 ut
593 723 777 774 quicquid
798 723 1023 762 tradidisset
1045 722 1197 762 silentio
1219 721 1459 774 praeteriret.
1508 721 1698 772 Exemplo
1720 726 1781 761 est

37 822 40 824 -
79 789 310 840 Pe‘riel.1·0‚
334 804 412 843 quo
443 793 530 833 loco
562 806 654 833 eum
685 799 894 846 propterea
915 807 995 834 non
1017 794 1174 845 sprevit,
1209 795 1312 845 quod
1344 793 1379 833 ei
1411 793 1563 844 aperire
1583 806 1663 832 non
1691 805 1780 833 con-

78 861 230 913 tigerat,
262 861 405 914 quibus
437 864 504 904 ille
523 865 640 906 nixus
663 866 836 906 fontibus
858 867 961 906 hanc
982 866 1122 906 Pericli
1149 866 1362 917 asperserit
1383 866 1617 907 labeculam.
1661 864 1781 905 Maxi-

78 945 268 985 mumque
302 935 586 976 documentum
626 937 818 977 habemus
859 951 949 977 eum
979 938 1191 977 Midianam
1223 937 1378 987 legisse,
1421 937 1591 976 fortasse
1621 941 1781 988 propter

78 1004 182 1045 hanc
202 1005 332 1057 ipsam
353 1019 437 1047 rem
454 1008 644 1048 evolvisse
661 1014 698 1048 et
714 1010 936 1050 accuratius
954 1009 1190 1060 inspexisse.
1237 1009 1371 1060 Itaque
1385 1021 1476 1048 cum
1492 1008 1779 1048 Demosthenes

75 1075 172 1118 talia
190 1081 235 1117 ut
253 1079 531 1120 commenticia
551 1081 802 1121 inimicorum
823 1080 1018 1130 refellerit,
1041 1081 1276 1122 Plutarchus
1298 1094 1345 1120 ea
1365 1080 1506 1120 iterare
1523 1081 1780 1132 supersedere

78 1159 124 1187 se
160 1160 281 1200 posse
319 1151 481 1201 putavit.
543 1152 715 1192 Omnino
747 1153 847 1192 Plut.
887 1154 974 1204 ipse
1010 1153 1072 1192 vix
1114 1154 1236 1192 semel
1273 1153 1525 1191 Idomeneum
1567 1150 1776 1199 consuluit,

77 1219 310 1271 praesertim
326 1233 430 1271 cum,
453 1223 676 1275 ubicunque
697 1225 781 1264 eius
798 1224 1024 1264 testimonio
1041 1224 1188 1273 nititur,
1218 1228 1406 1275 appareat
1428 1224 1463 1263 ei
1484 1224 1533 1263 ab
1556 1223 1643 1262 aliis
1675 1221 1779 1274 quic-

76 1290 171 1343 quid
191 1290 268 1332 ille
292 1292 486 1334 habuerat
516 1297 860 1336 subministratum
891 1309 991 1336 esse.

156 1376 158 1379 ·
218 1363 306 1405 Hoc
335 1365 378 1405 in
407 1365 518 1406 Dem.
550 1368 630 1408 vita
660 1368 716 1408 eis
748 1369 869 1417 locis,
908 1369 975 1409 ubi
1006 1368 1239 1408 nominatim
1271 1368 1430 1407 affertur
1463 1367 1514 1417 (c.
1551 1367 1602 1406 15
1637 1371 1674 1406 et
1706 1366 1778 1415 23)

76 1434 206 1486 magis
236 1437 490 1489 perspicuum
531 1439 594 1488 fit;
631 1453 725 1480 nam
762 1441 970 1491 utrobique
1007 1453 1128 1492 opera
1157 1439 1402 1490 diligentium
1434 1444 1472 1478 et
1503 1443 1779 1478 accuratorum

72 1506 315 1559 scriptorum
344 1510 400 1550 uti
424 1511 587 1552 videtur.
635 1512 741 1552 Infra
762 1514 811 1552 ad
833 1525 866 1552 c.
893 1514 946 1553 14
968 1513 1153 1552 lacunam
1180 1512 1379 1563 quandam
1401 1523 1593 1562 apparere
1613 1511 1775 1559 docebo,

74 1589 174 1618 cum
197 1579 247 1620 de
275 1580 355 1621 vita
385 1582 536 1634 privata
566 1584 744 1623 dicturus
775 1584 874 1624 nihil
898 1584 975 1624 nisi
996 1584 1072 1623 hoc
1094 1583 1336 1635 pronuntiet:
1370 1577 1452 1620 ἐπεὶ
1481 1580 1571 1626 τοὺς
1600 1593 1644 1632 γε
1674 1578 1776 1620 καθ’

75 1642 190 1689 αὖτὸν
220 1644 390 1706 ῥήτορας
417 1652 481 1693 ταὶ
510 1658 564 1706 τῷ
595 1652 665 1706 βίῳ
694 1652 892 1710 παρῆλθε,
929 1669 1046 1707 quem
1076 1657 1209 1705 locum
1240 1655 1498 1705 Roesigerum
1529 1655 1633 1694 male
1663 1654 1778 1694 inter-

74 1725 272 1774 pretatum
303 1736 393 1765 esse
421 1725 502 1766 iam
532 1726 773 1778 explicatum
804 1731 875 1766 est.

216 1795 424 1846 Iam'vero,
451 1803 494 1838 ut
514 1799 563 1838 de
584 1798 724 1850 Satyro
745 1800 991 1848 concludam,
1015 1799 1203 1850 quoniam
1223 1798 1350 1838 fusius
1367 1798 1534 1849 exposui
1548 1797 1778 1838 admirabile

73 1871 176 1914 esse,
207 1871 365 1918 quanta
394 1869 595 1920 diligentia
630 1871 688 1910 illi
718 1871 822 1910 docti
854 1871 954 1911 alius
987 1871 1106 1911 alium
1139 1870 1482 1922 transscripserint
1514 1874 1551 1909 et
1583 1869 1775 1919 auxerint,

74 1937 246 1989 tandem,
277 1938 318 1979 id
338 1941 442 1991 quod
463 1942 523 1980 vel
549 1941 714 1981 maximi
735 1942 926 1982 momenti
958 1946 1018 1981 est
1049 1942 1340 1993 quaerentibus,
1373 1955 1470 1981 num
1491 1941 1694 1992 probabile
1727 1941 1777 1980 sit

76 2004 262 2059 Satyrum
289 2011 464 2062 vestigiis
496 2013 767 2064 proximorum
798 2014 1006 2053 doctorum
1046 2013 1255 2062 institisse,
1295 2012 1686 2052 animadvertendum
1717 2018 1777 2056 est
1854 2019 1858 2021 “

73 2078 244 2121 Demetr.
255 2081 490 2124 phalereum
500 2089 538 2124 et
545 2085 878 2136 Theophrastum,
895 2085 1158 2136 Hermippum
1168 2090 1205 2124 et
1216 2085 1455 2133 Aristonem,
1473 2098 1496 2135 p
1506 2097 1529 2124 o
1541 2098 1560 2123 s
1571 2089 1586 2123 t
1596 2097 1615 2123 r
1624 2097 1645 2123 e
1654 2097 1693 2123 m
1702 2097 1727 2123 u
1735 2098 1776 2123 m

74 2150 302 2204 Satyrum
333 2155 678 2207 peripateticorum
710 2157 870 2196 scholae
901 2157 1079 2197 addictos
1102 2157 1236 2198 fuisse.
1290 2156 1341 2195 Hi
1363 2169 1500 2195 omnes
1522 2155 1776 2196 Aristotelem

73 2225 260 2266 aemulati
288 2239 369 2266 non
402 2228 535 2268 solum
567 2228 746 2269 doctrina
779 2233 971 2279 quantum
1003 2234 1167 2279 possent
1198 2228 1360 2279 adsequi
1393 2228 1613 2276 studebant,
1648 2228 1717 2267 sed
1738 2227 1776 2267 id

70 2309 227 2349 quoque
242 2298 495 2349 potissimum
508 2299 745 2348 nitebantur,
769 2305 812 2339 ut
835 2300 931 2339 vitas
949 2301 1243 2351 praeclarorum
1259 2299 1466 2338 hominum
1483 2299 1776 2339 conscriberent

70 2367 126 2408 ita
145 2373 200 2409 ut
227 2369 360 2410 minus
392 2371 442 2410 ad
471 2384 536 2411 res
569 2372 618 2411 ab
640 2384 877 2423 unoquoque
899 2376 1030 2422 gestas
1063 2385 1183 2423 quam
1214 2371 1264 2410 ad
1286 2370 1543 2410 eruditionem
1576 2375 1614 2410 et
1643 2384 1774 2410 mores

73 2445 306 2491 spectarent:
366 2442 527 2482 Accedit
559 2443 664 2494 quod
695 2443 816 2483 libros
856 2448 1183 2494 cognatorumet
1214 2447 1341 2482 aetate
1373 2441 1621 2493 superiorum
1653 2442 1775 2493 philo-

71 2511 289 2564 sophorum
301 2513 446 2564 pietate
461 2515 633 2566 quadam
650 2515 842 2563 colebant,
861 2515 1148 2563 exscribebant,
1168 2514 1375 2564 augebant,
1392 2525 1617 2564 nequevero
1630 2513 1775 2552 mirum

70 2586 142 2632 est,
175 2584 293 2635 quod,
327 2597 447 2635 quam
478 2587 728 2626 sedulitatem
759 2587 874 2638 quasi
905 2586 1183 2626 hereditariam
1215 2589 1460 2636 acceperant,
1495 2597 1540 2623 ea
1573 2585 1621 2624 ad
1652 2584 1774 2624 libros

69 2654 239 2695 aliorum
254 2656 461 2695 doctorum
482 2658 736 2698 excutiendos
758 2659 981 2706 utebantur,
1006 2658 1069 2697 vix
1093 2662 1135 2696 ut
1155 2658 1236 2696 ulla
1259 2669 1351 2708 pars
1374 2656 1575 2695 literarum
1597 2655 1775 2695 omnium

69 2730 293 2778 temporum
323 2740 392 2767 eos
412 2728 592 2778 ¹fugeret3
622 2730 790 2781 denique
810 2731 870 2770 vel
892 2730 968 2781 ipsi
989 2728 1245 2769 Alexandrini
1267 2728 1438 2779 quodam
1468 2727 1706 2767 commercio
1738 2732 1775 2767 et

69 2808 144 2838 usu
175 2809 268 2838 cum
298 2798 360 2838 his
393 2799 593 2840 coniuncti
625 2806 747 2841 erant.

210 2869 267 2910 Ita
287 2871 543 2910 manifestum
564 2877 624 2911 est
644 2872 728 2911 fieri
750 2872 938 2923 potuisse,
962 2876 1005 2911 ut
1021 2884 1141 2923 opera
1155 2869 1506 2922 Peripateticorum
1522 2870 1642 2922 stirps
1661 2883 1774 2922 quae-

68 2941 161 2982 dam
181 2941 394 2982 Plutarcho
416 2943 465 2982 ad
485 2943 606 2982 vitam
626 2943 903 2985 Demosthenis
927 2948 1083 2995 praesto
1117 2947 1234 2990 esset,
1269 2955 1389 2992 quam
1421 2941 1513 2992 quin
1547 2941 1772 2991 neglexerit,

67 3013 178 3054 nulla
208 3014 356 3058 suberit
387 3015 571 3072 cuiquam
603 3015 790 3067 suspicio.
844 3015 1010 3067 Expedit
1037 3015 1086 3054 ad
1117 3015 1205 3063 hoc,
1239 3014 1342 3070 quod
1374 3018 1481 3052 certa
1511 3013 1654 3056 indicia
1685 3013 1774 3056 talis
