2138 3386
817 179 1100 228 „39-

136 414 138 418 .
165 374 211 417 1..
235 367 410 422 ἔπειτα
441 372 661 426 πρεσβεὸων
681 384 718 415 κ.
741 370 921 425 διαλεγό-

96 455 251 499 ’μενος
244 445 344 492 vok
386 439 562 500 Ἕλλησι
610 456 648 485 κ.
698 443 922 499 παροξὺνων

94 515 322 572 συνέστησε,
341 513 446 571 πλὴν
482 511 622 568 ὀλίγων
653 513 828 562 ἅπαντας
859 512 920 555 ἐπὶ

93 585 167 642 τὸν
192 581 285 637 Q.,:

136 669 213 712 2
233 665 333 710 ωστε
368 669 539 719 σι’)νταξιν
576 669 760 723 γενέσθαι
798 671 921 717 πεζῶν

99 687 337 797 μὲνιμυρίων
356 753 394 782 κ.
413 740 744 797 πεντακισχιλίων,
774 737 920 782 ἱππέων

99 810 143 853 δὲ
158 810 361 868 δισχιλίων
370 810 462 854 ἄνευ
484 817 559 854 τῶν
575 812 781 854 πολιτικῶν
801 812 920 853 δυνά-

89 896 215 940 μεων,
567 917 570 920 .

98 976 99 979 ’
160 971 199 1010 8.
232 968 422 1023 χρήματα
467 966 510 1007 δὲ
549 980 586 1008 κ.
632 967 801 1023 μισθοὺς
831 966 920 1014 ’τοῖς

89 1037 219 1087 ’ξένοις
246 1035 493 1096 εἰς’φέρεσθαι
521 1039 750 1095 προθὺμως.

161 1126 201 1172 4,
242 1118 494 1187 Ἐπηρμένης
533 1121 575 1162 δὲ
613 1129 684 1180 τῆς
723 1119 918 1170 Ελλάδος

90 1190 211 1250 ’πρὸς
227 1194 278 1235 τὸ
293 1184 438 1257 μέλλον
458 1206 495 1234 κ.
519 1197 799 1250 συνισταμένων
830 1191 919 1235 κατ’

86 1254 229 1323 ’ἔθνη
238 1260 276 1306 κ’.
299 1264 451 1331 πόλεις
482 1261 687 1318 Εὖβοιέων,
727 1262 917 1321 ’,Αχαιῶν

98 1325 344 1392 Κορινθίων,
389 1332 627 1392 Μεγαρέων,
670 1334 915 1389 Λευκαδίων,

1052 377 1072 416 1
1079 405 1088 415 .
1106 367 1281 426 οὐδαμοῦ
1291 367 1459 419 πώποθ’,
1466 367 1558 411 »ὅποι
1567 368 1805 425 πρεσβευτὴς

986 441 1194 500 ἐπέμφθην
1239 438 1302 498 ὑφ’
1341 438 1448 497 ὑμῶν
1486 438 1574 494 ἐγώ,
1623 439 1807 499 ἡττηθεὶς

987 512 1182 572 ἀπῆλθον.
1234 517 1344 556 Dem.
1381 517 1447 564 18,
1483 517 1579 555 244.

1049 675 1087 712 2.
1096 693 1142 699 -
1150 665 1217 725 ἀφ’
1230 664 1283 709 ὧν
1296 667 1423 723 μυριοι
1435 668 1506 722 μὲν
1517 667 1588 707 καὶ
1603 679 1805 714 πεντακις-

985 738 1106 797 χίλιοι
1135 739 1244 788 ξένοι,
1285 738 1463 795 δισχίλιοι
1494 736 1527 779 δ’
1557 735 1684 784 ἱππεῖς
1714 737 1805 779 ἄνευ

984 819 1060 854 τῶν
1087 810 1292 852 πολιτικῶν
1312 810 1512 867 δυνάμεων
1533 810 1806 867 συνήχθησαν,

1047 972 1086 1010 3.
1123 968 1338 1022 χρημάτων
1379 965 1421 1006 δὲ
1461 962 1562 1006 ὅσων
1601 962 1806 1021 ἠδυνήθην

985 1036 1062 1092 ἐγὼ
1091 1037 1276 1094 πλείστην
1306 1036 1523 1078 συντέλειαν
1554 1034 1722 1093 ἐποίησα

1045 1126 1084 1164 4.
1103 1118 1179 1174 ἐγὼ
1196 1123 1434 1177 συμμάχους
1455 1123 1524 1176 μὲν
1540 1117 1626 1176 ὑμῖν
1639 1117 1805 1176 ἐποίησα

985 1190 1174 1247 Εὐβοέας,
1205 1189 1411 1248 Ἀχαιοὺς,
1434 1189 1684 1247 Κορινθίους,
1716 1189 1806 1247 Θη-

984 1265 1006 1319 β
1024 1280 1050 1305 α
1067 1267 1079 1305 ί
1094 1279 1115 1305 ο
1132 1279 1154 1304 υ
1170 1279 1191 1311 ς
1208 1296 1217 1313 ,
1270 1262 1492 1320 Μεγαρέας,
1545 1259 1806 1311 Λευκαδίους,

986 1333 1261 1392 Κερκυραίους
1299 1362 1344 1367 —-
1382 1339 1492 1379 Dem.
1532 1341 1596 1388 18,
1633 1340 1731 1380 237.

97 1401 359 1480 Κερκυραίων
379 1431 431 1439 --
452 1405 474 1450 ὁ
495 1410 673 1464 μέγιστος
694 1405 919 1450 υπελείπετο

98 1471 154 1536 τῷ
183 1468 287 1553 Ᾱημ.
317 1483 392 1520 τῶν
422 1475 600 1533 ἀγώνων,
638 1478 933 1537 Θηβαίους.

101 1540 424 1608 προσαγαγέσθαι
453 1557 502 1607 τῇ
533 1554 756 1608 συμμαχία.

241 1638 299 1679 De
319 1638 456 1678 eadem
477 1651 519 1677 re
541 1651 632 1678 eum
655 1639 906 1690 plebiscitum
920 1653 982 1691 ap.
1002 1640 1154 1691 Psplut.
1177 1641 1289 1680 851b
1311 1644 1396 1679 tum
1410 1639 1553 1679 Aesch.
1573 1639 1658 1690 ipse
1676 1641 1714 1687 3,
1736 1641 1803 1687 95,

100 1711 168 1759 97,
193 1711 261 1759 98,
287 1711 370 1750 256
393 1709 471 1750 alia
491 1711 651 1750 tradunt
675 1710 874 1750 sociorum
895 1711 1058 1751 nomina
1080 1710 1273 1759 (Aesch.
1299 1711 1507 1759 Euboicos,
1540 1711 1803 1761 Megarenses,

55 1775 292 1856 ·.†3⁰h3e9⁵’
334 1779 500 1832 posthac
531 1781 842 1833 Peloponnesios
875 1796 1013 1822 omnes
1046 1788 1084 1823 et
1114 1783 1344 1823 Acarnanes
1377 1783 1546 1834 insupen
1569 1782 1802 1831 enumerat).

240 1864 376 1916 Itaque
406 1876 498 1904 cum
529 1865 632 1905 Plut.
667 1866 777 1905 solus
810 1879 901 1905 cum
922 1867 1220 1906 Demosthene
1210 1881 1251 1906 in
1273 1867 1551 1907 enumerandis
1574 1866 1692 1906 sociis
1716 1880 1804 1906 con-

99 1940 213 1987 gruat
243 1932 491 1988 eundemque
521 1949 611 1976 cum
642 1950 688 1976 eo
711 1938 887 1978 ordinem
910 1938 1208 1978 accuratissime
1240 1944 1378 1988 servet,
1413 1939 1614 1978 Thebanis
1637 1943 1803 1987 tantum,

88 2007 147 2068 yde
177 1999 321 2059 quihus
352 2007 539 2059 deinceps
571 2009 688 2048 verba
719 2009 824 2059 facit,
859 2011 898 2049 in
930 2011 1007 2050 fine
1030 2010 1181 2062 positis,
1215 2011 1361 2050 nemini
1384 2011 1547 2050 dubium
1569 2011 1651 2050 fore
1673 2025 1802 2062 spero,

65 2131 72 2136 ξ
98 2078 193 2130 quin
213 2078 501 2120 Demosthenes
520 2080 733 2121 Plutarcho
762 2087 852 2121 ante
879 2083 1016 2122 oculos
1048 2082 1175 2124 fuerit.
1226 2082 1306 2121 Cur
1328 2082 1540 2121 Thebanos
1566 2095 1613 2121 ex
1639 2095 1804 2122 numero

96 2150 340 2203 reliquarum
371 2152 545 2203 gentium
576 2153 746 2192 exemit?
798 2153 976 2192 Primum
1008 2167 1054 2193 ex
1086 2154 1161 2193 hac
1183 2153 1359 2193 oratione
1381 2153 1469 2204 ipsa
1490 2154 1702 2194 Thebanos
1724 2167 1805 2193 om-

94 2222 209 2263 ‘nium
229 2229 452 2276 postremos
468 2224 774 2264 Atheniensibus
793 2225 1023 2264 conciliatos
1041 2238 1129 2265 esse
1161 2225 1345 2276 perfacile
1377 2214 1436 2264 est
1463 2225 1633 2275 cognitu,
1666 2226 1805 2265 deinde

95 2293 364 2345 Plutarchum,
388 2296 533 2347 quippe
554 2296 620 2347 qui
641 2296 727 2348 ipse
747 2297 907 2336 natione
920 2297 1091 2336 Boeotus
1109 2297 1235 2345 fuerit,
1266 2289 1395 2336 studio
1417 2310 1508 2336 cum
1534 2311 1666 2337 rerum
1682 2298 1803 2337 Boeo-

98 2365 267 2418 tioamm
286 2371 372 2407 tum
389 2367 670 2407 Thebanarum
692 2373 896 2420 tamquam
917 2369 1225 2408 domesticarum
1247 2381 1460 2408 accensum
1482 2368 1604 2408 fuisse
1625 2373 1801 2420 apparet,

98 2450 177 2488 quo
208 2438 356 2478 factum
387 2443 458 2487 est,
491 2444 534 2478 ut
565 2453 702 2479 eorum
732 2452 796 2479 res
828 2440 1051 2479 accuratius
1083 2439 1326 2479 examinaret
1358 2444 1394 2479 et
1426 2453 1498 2479 sua
1523 2453 1644 2491 quam
1676 2440 1804 2480 aliena

99 2508 294 2560 sapientia
324 2521 462 2561 sapere
492 2511 639 2551 mallet.

230 2590 320 2642 Sed,
331 2576 683 2646 priusquam,'quid
693 2594 785 2634 hinc
798 2594 1062 2644 colligendum
1070 2595 1131 2643 sit,
1145 2595 1400 2645 explicemus,
1411 2595 1592 2634 convenit
1602 2607 1800 2646 quaerere,

96 2664 200 2704 unde
220 2664 262 2704 in
283 2678 385 2716 cap.
412 2668 464 2707 18
487 2666 589 2708 Plut.
614 2680 686 2706 sua
706 2666 894 2707 hauserit.
942 2667 1071 2718 Atque
1103 2666 1283 2706 homines
1315 2666 1419 2706 docti
1447 2666 1526 2706 iam
1548 2667 1697 2706 dudum
1719 2681 1802 2718 per-

41 2719 47 2726 .
97 2742 311 2787 spexerunt
331 2737 591 2777 Plutarchum
612 2743 792 2790 tempora
813 2738 1039 2778 confudisse
1061 2738 1193 2786 videri,
1228 2751 1318 2777 cum
1349 2738 1512 2778 diceret:
1547 2731 1592 2775 οὒ
1614 2736 1691 2791 μὴν
1713 2733 1802 2776 ἀλλ’

95 2800 179 2844 ἐπεὶ
205 2801 258 2845 Φ.
279 2801 355 2846 ὑπὸ
385 2812 455 2863 τῆς
486 2807 572 2861 περὶ
602 2807 670 2863 τὴν
688 2803 917 2864 Ἀμφισσαν
939 2803 1122 2862 εὐτυχίας
1153 2804 1405 2862 ἐπαιρόμενος
1436 2803 1491 2854 εἷς
1511 2808 1579 2863 τὴν
1600 2804 1802 2848 Ἐλάτειαν

95 2871 280 2932 ἐξαίφνης
310 2874 464 2918 ἐνέπεσε
494 2891 532 2918 κ.
564 2879 632 2934 τὴν
663 2874 833 2918 Φωκίδα
863 2880 1066 2934 κατέσχεν.
1128 2881 1283 2920 Etenim
1314 2881 1392 2921 iam
1424 2881 1653 2926 Winiewski
1685 2874 1800 2921 ‘com-

96 2950 276 2992 mentarii
308 2951 348 2992 in
379 2952 489 2993 Dem.
525 2966 569 2992 or
600 2953 648 2992 de
679 2945 774 2994 coi-‚³
799 2952 1027 2995 Monasterii
1062 2954 1173 2994 1829
1197 2966 1234 3005 p.
1260 2956 1342 2995 248
1366 2953 1441 2993 hoc
1474 2954 1591 2992 modo
1624 2952 1795 3009 collegit:
