2138 3386
1068 286 1351 336 ..π-

360 411 470 459 parte
490 407 763 460 excerpsisset,
796 410 899 461 quod
921 410 1077 462 quidem
1098 412 1230 467 paullo
1250 412 1351 452 infra
1372 412 1515 453 elarius
1535 411 1877 465 demonstrabitur,
1907 411 2043 468 quidni

358 477 484 529 ipsius
507 479 739 519 sententiam
764 480 1026 531 interponeret
1048 476 1155 533 (ἀλλ’
1174 475 1246 520 οὐκ
1266 478 1387 520 ἔοικεν
1408 511 1417 521 .
1439 479 1480 536 .),
1513 483 1592 523 sive
1611 484 1645 524 is
1666 498 1782 536 quem
1803 491 1962 527 secutus
1982 491 2043 527 est

354 549 400 588 -in
430 550 594 589 eandem
616 551 696 590 sive
715 551 755 590 in
777 552 1012 592 contrariam
1033 558 1184 604 partem
1205 557 1401 593 cesserat?
1446 553 1627 594 Ceterum
1647 555 1763 596 etiam
1784 569 1832 597 ex
1852 556 1914 606 iis,
1942 569 2043 609 quae

357 625 524 660 aetatem
553 622 736 670 tulerunt,
767 622 999 663 Caecilianis
1029 636 1109 663 non
1139 625 1278 672 elucet,
1311 637 1430 675 quam
1450 624 1514 672 hic
1535 626 1767 666 sententiam
1787 627 2040 679 adoptaverit.

497 692 625 732 Etiam
671 694 905 733 luculentius
948 695 1226 734 documentum
1271 695 1372 734 Plut.
1415 708 1448 735 c.
1489 698 1538 736 15
1574 695 1786 736 Caecilium
1816 698 2041 739 excussisse

356 763 521 803 efficitur
552 764 694 803 collato
725 765 811 803 loco
844 765 1014 815 quodam
1044 778 1135 805 cum
1165 765 1234 815 eis,
1268 779 1368 816 quae
1394 766 1508 808 Gell.
1536 769 1601 815 15,
1625 769 1678 807 28
1712 769 1898 810 servavit:
1931 763 2039 809 ‘Illud

354 834 451 873 adeo
483 835 532 873 ab
563 834 766 886 utriusque
796 836 962 876 oratoris
994 837 1181 876 studiosis
1211 837 1527 876 animadversum
1547 842 1584 877 et
1612 837 1802 889 scriptum
1831 844 1903 888 est,
1935 840 2039 892 quod

352 904 553 944 Demosth.
577 910 615 945 et
636 905 878 957 Ciceropari
898 912 1024 947 aetate
1054 907 1355 948 inlustrissimas
1387 907 1582 948 orationes
1613 908 1654 947 in
1683 909 1815 949 causis
1845 909 2037 959 dixerunt,

351 977 449 1015 alter
469 974 572 1014 κατὰ
593 970 867 1028 Ἀνδροτίωνος
888 983 926 1018 et
945 977 1048 1016 κατὰ
1069 973 1338 1031 Τιμοκράτους
1360 983 1508 1030 septem
1530 984 1567 1018 et
1587 979 1721 1029 viginti
1751 992 1877 1020 annos
1907 985 2036 1029 natus,

351 1047 450 1087 alter
481 1061 584 1087 anno
615 1048 743 1087 minor
774 1061 846 1099 pro
867 1049 910 1091 P.
935 1049 1115 1097 Quinctio
1148 1049 1391 1100 septimoque
1422 1054 1459 1089 et
1489 1049 1673 1089 vicesimo
1704 1063 1775 1102 pro
1806 1050 1848 1093 S.
1870 1044 2035 1091 Roscio’.

492 1118 620 1169 Atque
651 1131 742 1158 cum
772 1119 900 1159 Plut.
925 1132 957 1159 c.
985 1121 1036 1160 15
1060 1121 1160 1160 med.
1193 1120 1289 1160 haec
1320 1120 1482 1160 habeat:
1514 1124 1589 1158 τῶν
1619 1117 1662 1158 δὲ
1691 1116 1886 1174 δημοσίων
1915 1115 1938 1159 ὁ
1967 1119 2037 1174 μὲν

350 1181 436 1225 κατ’
452 1182 726 1242 Ἀνδροτίωνος
738 1200 776 1227 κ.
790 1184 1059 1243 Τιμοκράτους
1074 1189 1143 1229 καὶ
1155 1185 1482 1244 Ἀριστοκράτους
1494 1186 1637 1243 ἑτέροις
1651 1185 1886 1245 ἐγράφησαν,
1901 1185 1956 1230 οὔ
1965 1201 1994 1230 π
2003 1203 2036 1229 ω

345 1261 406 1310 ’τῇ
436 1256 671 1311 πολιτεία
710 1257 1185 1315 προσεληλυθότος·
1224 1258 1331 1299 δοκεῖ
1363 1260 1438 1313 γὰρ
1469 1257 1571 1300 δυοῖν
1601 1256 1627 1315 ἢ
1658 1265 1768 1314 τριῶν
1803 1258 1938 1300 δέοντα
1968 1257 2035 1316 ἔτη

348 1329 555 1381 τριάκοντα
585 1330 749 1381 γεγονὼς
779 1325 983 1382 ἐξενεγκεῖν
1012 1331 1102 1377 τοὺς
1131 1329 1271 1383 λόγους
1291 1327 1460 1376 ἐκείνους
1481 1338 1518 1372 et
1538 1346 1600 1384 ap.
1622 1333 1781 1384 Dionys.
1804 1332 1931 1376 Halic.
1955 1331 2034 1384 (ep.

350 1401 399 1440 ad
419 1401 549 1441 Amm.
573 1402 587 1440 I
610 1404 635 1442 4
658 1416 695 1453 p.
723 1404 805 1443 744
826 1403 984 1451 Reiske)
1005 1403 1102 1443 haec
1123 1404 1320 1453 legamus:
1353 1397 1422 1441 καί
1447 1398 1544 1441 ἐστιν
1574 1397 1690 1442 αυτοῦ
1721 1407 1916 1455 πρῶτος
1945 1406 2036 1441 τῶν

349 1467 397 1509 ὲν
427 1467 741 1526 δικαστηρίῳ
773 1471 1303 1512 κατασκευασθέντων
1333 1469 1532 1523 ἀγώνων
1563 1468 1583 1512 ὁ
1613 1473 1718 1512 κατὰ
1747 1468 2034 1526 Ἀνδροτίωνος,

348 1539 389 1580 ὃν
419 1542 588 1597 γέγραφε
607 1537 790 1596 Διοδώρῳ
811 1548 863 1596 τῷ
885 1542 1045 1596 κρίνοντι
1065 1542 1107 1582 τὸ
1129 1543 1308 1598 ψήφισμα
1326 1544 1562 1597 παρανόμων
1589 1565 1633 1572 -
1658 1558 1789 1584 nonne
1809 1545 2034 1594 Caecilium,

348 1626 439 1652 cum
460 1614 539 1654 iam
554 1615 764 1665 Dionysius
786 1616 869 1655 eius
891 1615 1106 1664 familiaris,
1129 1616 1231 1655 hanc
1252 1616 1374 1655 fuisse
1395 1615 1562 1666 primam
1577 1616 1852 1656 Demosthenis
1873 1628 2035 1656 causam

348 1685 547 1734 publicam
578 1686 765 1741 eruisset,
797 1687 837 1726 in
868 1680 1171 1738 ‘comparatione
1203 1686 1283 1728 Cic.
1316 1699 1406 1726 cum
1437 1680 1651 1726 Demosth.’
1681 1686 1798 1735 (Plut.
1831 1687 2031 1729 Demosth.

348 1768 382 1796 c.
415 1755 458 1804 3)
488 1756 563 1794 hoc
594 1756 650 1795 sic
682 1758 938 1808 supplevisse,
972 1763 1014 1797 ut
1036 1758 1132 1797 Gell.
1166 1763 1203 1797 et
1229 1758 1330 1799 Plut.
1353 1771 1401 1797 ex
1432 1770 1477 1796 eo
1506 1757 1872 1808 transscripserunt,
1903 1756 2034 1796 verisi-

346 1825 556 1865 millimum
568 1831 655 1868 est?
685 1827 913 1878 Colligimus
925 1828 1027 1868 enim
1038 1829 1113 1868 hoc
1123 1829 1257 1868 modo:
1270 1827 1478 1879 Dionysius
1490 1828 1665 1867 Gelliana
1675 1828 1850 1867 nondum
1860 1827 2030 1878 praebet,

345 1895 447 1937 Plut.
481 1901 548 1935 aut
582 1897 812 1948 Dionysium
844 1904 911 1938 aut
943 1899 1156 1938 Caecilium
1185 1900 1233 1938 de
1263 1905 1427 1950 utroque
1459 1898 1648 1949 scriptore
1679 1897 1886 1947 consuluit,
1925 1898 2032 1949 atqui

347 1965 539 2006 Caecilius
562 1968 713 2018 primus
735 1967 927 2020 συγκρισιν
947 1972 1012 2007 τοῦ
1034 1964 1135 2023 Δημ.
1157 1980 1193 2007 κ.
1216 1965 1307 2007 Κικ.
1331 1969 1553 2020 scripserat,
1585 1968 1819 2008 Plutarchus
1839 1981 1927 2008 eam
1947 1968 2032 2020 ipse

345 2042 590 2086 cognoverat,
613 2044 763 2078 certum
786 2039 903 2089 igitur
926 2045 985 2079 est
999 2040 1213 2080 Caecilium
1229 2054 1252 2080 a
1268 2040 1478 2079 Plutarcho
1495 2040 1534 2078 in
1549 2039 1624 2079 hac
1641 2052 1683 2078 re
1697 2039 1914 2079 adhibitum
1929 2052 2028 2080 esse.

486 2108 597 2148 Libet
635 2110 834 2161 paulisper
866 2112 914 2150 ad
946 2124 1003 2160 ea,
1046 2124 1147 2161 quae
1177 2111 1277 2150 Plut.
1312 2124 1344 2150 o.
1381 2113 1431 2150 12
1465 2111 1512 2149 de
1543 2123 1598 2150 or.
1630 2110 1800 2159 Midiana
1831 2109 2029 2161 explicuit,

343 2179 555 2229 respicere3
589 2186 692 2220 certe
713 2181 818 2220 enim
838 2182 939 2221 Plut.
963 2182 1090 2221 verbis
1112 2192 1177 2234 μοι
1197 2177 1306 2219 δοκεῖ
1324 2181 1480 2229 indicat,
1513 2181 1645 2231 ipsum
1667 2194 1709 2220 se
1729 2180 1770 2220 in
1790 2193 1836 2220 ea
1856 2180 2031 2220 oratione

343 2255 541 2289 versatum
563 2263 672 2299 esse;
705 2257 841 2291 contra
859 2253 946 2303 quis
970 2253 1003 2292 ei
1026 2253 1180 2302 singula
1201 2251 1564 2300 subministraverit,
1587 2257 1718 2291 utrum
1740 2251 1872 2303 stirpis
1894 2256 2030 2291 auctor

343 2333 394 2359 an
435 2321 650 2371 Caecilius,
693 2323 849 2362 difficile
884 2324 1002 2365 dictu.
1072 2323 1113 2362 Si
1154 2327 1284 2362 autem
1323 2321 1535 2361 Caecilium
1571 2322 1605 2361 ei
1642 2323 1692 2361 ob
1732 2323 1868 2362 oculos
1907 2321 2029 2362 fuisse

342 2395 532 2440 tenemus,
551 2405 630 2431 non
646 2392 726 2432 iam
743 2399 813 2442 est,
838 2407 907 2433 cur
924 2407 1014 2433 eum
1029 2394 1147 2434 etiam
1163 2394 1211 2432 ad
1226 2394 1538 2443 cognoscendam
1552 2393 1744 2432 Midianae
1760 2393 2028 2432 condicionem

342 2461 556 2502 Caecilium
587 2464 813 2504 adhibuisse
843 2478 1043 2514 negemus

485 2533 593 2584 Cap.
622 2537 673 2575 16
695 2535 795 2574 Plut.
820 2537 869 2574 ad
901 2549 957 2584 ea,
992 2549 1091 2587 quae
1112 2548 1145 2575 c.
1173 2538 1223 2576 12
1245 2534 1393 2574 verbis:
1425 2531 1526 2587 ταχὺ
1557 2530 1672 2578 δόξαν
1703 2529 1817 2588 ἔσχεν
1847 2530 2027 2588 δημαγω-

341 2602 505 2653 γουντων
536 2605 727 2655 attigerat,
750 2606 965 2655 revertitur,
1000 2606 1092 2658 quin
1119 2610 1323 2646 recurrunt
1344 2606 1480 2644 eadem
1503 2606 1616 2644 verba
1639 2619 1671 2647 s,
1694 2605 1752 2645 in:
1785 2601 1842 2642 διὸ
1862 2614 1899 2642 κ.
1919 2603 2027 2656 παρὰ

341 2668 393 2711 Φ.
409 2671 585 2719 πλεῖστος
598 2670 645 2728 ἧν
661 2672 778 2725 λόγος
792 2670 919 2716 αὐτοῦ.
968 2677 1047 2716 Cur
1063 2689 1182 2728 supra
1197 2678 1246 2716 ab
1263 2682 1491 2726 argumento
1508 2676 1699 2716 aberravit
1715 2676 1862 2715 oratio?
1898 2675 2027 2714 Facile

340 2743 414 2783 hoc
446 2745 659 2796 intelleges,
691 2749 808 2787 modo
838 2753 995 2798 reputes
1028 2761 1129 2796 eum,
1162 2753 1204 2787 ut
1235 2748 1493 2799 Theopompi,
1526 2748 1592 2798 qui
1612 2745 2026 2786 Demostheni'incon-

342 2816 527 2856 stantiam
559 2817 712 2857 crimini
743 2819 918 2867 dederat,
957 2818 1128 2869 iniquius
1169 2818 1354 2857 iudicium
1386 2819 1609 2868 infringeret
1640 2822 1756 2867 atque
1786 2815 1946 2855 omnino
1977 2816 2025 2855 de

339 2885 545 2926 virtutibus
577 2893 614 2927 et
645 2888 747 2928 vitiis
775 2889 1050 2928 Demosthenis
1083 2889 1303 2928 accuratius
1336 2889 1579 2940 comperiret,
1612 2889 1660 2927 ad
1692 2887 1791 2927 alios
1823 2888 1949 2926 fontes
1982 2899 2025 2926 se

339 2957 588 2998 convertisse.
651 2959 784 3010 Itaque
821 2960 1006 3000 Panaetio
1045 2960 1182 3009 nixus,
1225 2961 1327 3011 quod
1368 2961 1578 3000 honestum
1616 2964 1775 3010 propter
1812 2971 1854 2998 se
1892 2958 2022 3009 ipsum

336 3026 420 3066 fieri
458 3029 661 3080 voluisset,
701 3031 889 3080 laudavit,
931 3032 1171 3071 Demetrium
1204 3038 1381 3081 secutus,
1416 3032 1517 3082 quod
1549 3043 1674 3081 neque
1705 3030 1744 3069 in
1775 3029 1896 3069 armis
1928 3028 2024 3068 satis
