2138 3386
135 1061 138 1069 .
206 1006 383 1072 Abhinc
413 1044 484 1072 sex
516 1044 642 1072 annos
674 1030 819 1083 prodiit
839 1029 1048 1080 Gottingae
1078 1029 1126 1072 A.
1158 1029 1202 1072 F.
1235 1029 1495 1080 Roesige-ri
1527 1023 1587 1070 ‘de
1607 1030 1753 1070 Duride

41 1103 182 1150 &finnio
201 1099 363 1148 Diodori
384 1107 507 1148 Siculi
529 1112 567 1148 et
585 1107 786 1147 Plutarchi
818 1102 991 1147 auctore’
1025 1106 1216 1157 inscripta
1249 1106 1488 1146 dissertatio.
1542 1106 1629 1155 Qua
1660 1119 1752 1146 cum

40 1174 324 1219 Demosthenis
356 1179 478 1220 vitam
508 1179 787 1220 Plutarcheam
817 1178 976 1218 Duridis
1010 1178 1134 1218 Samii
1167 1183 1204 1217 et
1235 1178 1423 1218 Demetrii
1455 1178 1649 1229 Magnetis
1682 1178 1754 1219 niti

38 1249 277 1291 ‘woton'tate
309 1251 381 1291 ille
410 1251 492 1291 iam
529 1251 776 1303 exposuerit,
815 1263 978 1302 operam
1019 1262 1355 1301 supervacaneam
1388 1255 1426 1290 et
1457 1250 1637 1290 inutilem
1669 1263 1755 1290 sus-

40 1325 230 1373 cepturus
254 1321 489 1363 'hominibus
519 1323 686 1363 literatis
706 1322 851 1365 videar.
903 1323 1034 1374 Atque
1055 1335 1160 1370 vero,
1195 1335 1440 1373 quamquam
1472 1322 1529 1361 illi
1559 1335 1617 1371 ea,
1653 1334 1754 1374 quae

40 1391 85 1432 in*
113 1392 382 1445 disputatione
410 1394 618 1452 tractanda
650 1394 724 1434 sibi
755 1399 1029 1446 proposuerat,
1069 1399 1107 1433 et
1139 1393 1341 1444 copiosius
1374 1398 1411 1433 et
1442 1394 1667 1434 accuratius
1689 1407 1754 1434 ex-

40 1459 226 1516 plicanda
261 1465 440 1515 fuerunt,
492 1465 678 1518 equidem
713 1466 762 1506 de
801 1479 848 1506 ea
887 1465 951 1506 vix
991 1466 1134 1505 iterum
1171 1465 1426 1514 dissererem,
1474 1464 1508 1504 si
1547 1477 1648 1516 quas
1687 1465 1754 1505 ille

39 1535 217 1577 rationes
248 1541 409 1578 secutus
440 1542 512 1587 est,
545 1550 659 1577 veras
691 1542 729 1577 et
761 1538 948 1589 probatas
978 1550 1068 1577 esse
1090 1537 1397 1588 perspexissem.
1450 1536 1503 1576 At
1532 1536 1753 1576 rationibus

39 1607 283 1658 quibusdam
301 1607 567 1649 recentiorum
587 1609 795 1649 hominum
815 1610 1035 1657 doctorum,
1060 1609 1094 1648 si
1116 1613 1221 1648 recte
1238 1608 1485 1657 adhibentur,
1508 1607 1751 1658 verissimas,

40 1682 191 1719 lema-e
208 1679 385 1721 confisus
407 1680 554 1733 sprevit
573 1680 640 1720 ille
654 1680 856 1720 Plutarchi
871 1680 1038 1731 vestigia·
1049 1685 1239 1719 vaccurate
1259 1680 1387 1730 legere
1408 1684 1446 1719 et
1466 1680 1525 1719 vel
1548 1680 1752 1731 proximos

39 1744 173 1790 fontes
205 1750 445 1800 examinare,
478 1750 689 1791 immemor
718 1750 816 1800 eius,
850 1752 955 1802 quod
976 1751 1056 1791 iam
1077 1751 1337 1790 Ruhnkenius
1374 1751 1584 1802 praecepit,
1617 1756 1661 1791 ut
1693 1751 1755 1791 sui

42 1834 239 1874 quemque
270 1821 505 1874 scriptorem
535 1822 731 1874 optimum
761 1822 1016 1874 interpretem
1048 1835 1138 1862 esse
1160 1827 1436 1862 statueremus.
1490 1822 1583 1862 Inde
1604 1823 1753 1862 factum

40 1897 123 1943 est,
160 1896 205 1934 ut
216 1895 229 1943 ,ἕ
265 1894 371 1946 quod
408 1898 700 1946 praeoccupato
740 1893 885 1933 iudicio
924 1894 975 1933 ad
1013 1894 1390 1934 commentationem
1422 1906 1537 1933 suam
1569 1893 1751 1943 accessit,

40 1958 209 2006 omnino'
236 1965 335 2006 nihil
364 1966 447 2006 fere
477 1978 628 2015 eorum,
662 1978 765 2018 quae
795 1966 971 2018 protulit,
1005 1966 1146 2006 stabile
1179 1967 1230 2006 sit
1261 1972 1329 2006 aut
1360 1972 1524 2007 certum.

120 2046 137 2062 '¹
185 2037 320 2089 Itaque
349 2037 480 2078 denuo
511 2037 614 2078 hanc
646 2046 809 2078 causam
842 2049 1056 2088 aggressus
1089 2052 1190 2087 sum,
1225 2051 1304 2089 qua
1325 2038 1365 2078 in
1387 2051 1429 2077 re
1450 2051 1539 2078 eam
1560 2038 1754 2078 rationem

39 2108 158 2160 'sequi
188 2113 249 2148 est
278 2108 379 2148 mihi
408 2107 449 2149 in
481 2109 627 2159 animo,
659 2114 704 2149 ut
737 2109 921 2161 primum,
954 2110 1158 2160 Roesigeri
1191 2123 1311 2161 quam
1343 2109 1471 2149 futilia
1493 2109 1572 2149 sint
1594 2114 1632 2150 et
1652 2110 1754 2150 falsa

38 2185 288 2231 ¹argumenta,
320 2181 590 2233 comprobem,
622 2181 775 2231 deinde,
807 2181 903 2232 quid
923 2181 1010 2233 ipse
1031 2181 1257 2229 invenerim,
1282 2193 1516 2231 proponam,
1550 2185 1752 2232 postremo

41 2243 272 2304 quaefides
302 2251 396 2292 huic
425 2252 528 2294 vitae
559 2253 611 2293 sit
642 2253 868 2303 tribuenda,
909 2253 1078 2293 breviter
1118 2253 1395 2304 perstringam.
1459 2252 1500 2291 In
1533 2253 1751 2292 refutandis

39 2327 178 2364 autem
197 2323 400 2375 Roesigeri
421 2324 555 2365 causis
578 2325 611 2365 si
633 2326 733 2365 forte
754 2325 935 2365 acerbius
957 2325 1087 2376 egisse
1118 2325 1261 2372 videar,
1298 2337 1449 2375 precor,
1483 2337 1532 2364 ne
1558 2324 1634 2364 hoc
1655 2323 1752 2364 mihi

42 2394 199 2435 crimini
235 2395 296 2436 vel
334 2395 569 2436 insolentiae
607 2400 801 2446 vertatur,
841 2397 910 2436 sed
948 2396 1023 2436 sibi
1061 2396 1228 2447 quisque
1260 2396 1496 2447 persuadeat
1526 2395 1643 2435 velim
1673 2409 1750 2445 me,

41 2478 302 2519 quaecunque
324 2468 558 2520 protulerim
573 2499 582 2517 ,
620 2468 794 2509 veritatis
831 2482 967 2509 amore
1003 2473 1041 2508 et
1073 2467 1342 2508 sincerissimo
1375 2467 1504 2507 studio
1538 2468 1749 2507 adductum

41 2534 204 2580 dixisse.
1104 2533 1107 2536 ⁴

60 2630 61 2633 ¹
123 2633 127 2636 -
171 2610 244 2659 ,Ac
265 2610 439 2662 primum
459 2611 619 2663 quidem
639 2613 688 2652 de
708 2612 988 2661 fundamentis,
1019 2611 1163 2664 quibus
1185 2611 1374 2661 Roesiger
1395 2610 1543 2660 nititur,
1577 2611 1752 2652 animad-

42 2682 142 2723 ‘veni
157 2682 272 2725 haec.
320 2681 530 2731 Quaeritur
550 2683 751 2733 nimirum,
776 2685 975 2735 quomodo
998 2683 1184 2723 facillime
1204 2682 1406 2722 Plutarchi
1429 2683 1562 2723 fontes
1575 2683 1752 2735 primarii

40 2752 201 2830 possint
229 2753 468 2804 investigari.
521 2753 623 2794 Nam
645 2755 685 2794 id
706 2756 811 2806 quod
832 2755 1008 2796 maximo
1033 2755 1242 2794 commodo
1276 2755 1324 2794 ad
1357 2755 1486 2794 fontes
1517 2754 1752 2807 aperiendos

42 2832 137 2866 esse
165 2824 254 2877 quis
284 2824 402 2875 dicat,
433 2830 478 2865 ut
509 2826 558 2866 ab
588 2825 677 2877 ipso
709 2828 930 2876 audiamus,
965 2827 1108 2878 quibus
1131 2839 1228 2866 usus
1251 2826 1314 2875 sit,
1348 2839 1438 2866 raro
1460 2827 1624 2875 accidit;
1658 2827 1753 2878 quin

43 2895 166 2937 etiam
195 2908 288 2937 cum
317 2897 431 2937 multi
455 2897 677 2949 scriptores
708 2899 935 2947 afferuntur,
976 2910 1186 2938 caveamus
1219 2903 1390 2949 oportet,
1430 2911 1481 2938 ne
1513 2911 1581 2938 eos
1613 2911 1752 2939 omnes

44 2967 102 3008 ab
128 2979 175 3008 eo
206 2969 400 3021 perlectos
431 2981 520 3010 esse
551 2982 797 3010 censeamus.
850 2970 953 3010 Fieri
974 2969 1080 3010 enim
1103 2974 1244 3020 potest,
1277 2975 1320 3010 ut
1351 2983 1419 3010 eos
1452 2970 1562 3022 ipsos
1595 2970 1751 3010 silentio

45 3043 266 3092 praetereat
287 3040 512 3094 scriptores,
530 3054 630 3094 quos
652 3040 881 3081 fidelissime
898 3045 1057 3080 secutus
1075 3045 1147 3091 est,
1170 3045 1209 3080 et
1226 3040 1260 3080 si
1274 3054 1352 3092 qua
1368 3046 1577 3082 auctorum
1589 3041 1752 3082 nomina

1470 3108 1512 3148 1*
