2138 3386
1058 227 1340 272 ..38-

346 349 538 391 habemus
569 349 711 391 Aesoh.
756 351 793 399 2,
835 351 903 390 99.
963 349 1065 390 Nam
1081 381 1090 399 ,
1132 350 1236 401 quod
1266 349 1512 403 Theopompi
1556 351 1777 393 auctoritati
1814 351 2035 402 tribuimus,

348 423 655 463 Demosthenem
685 422 810 462 filium
840 435 928 461 esse

958 424 1024 459 τοῦ
1055 424 1354 473 μαχαιροποιοῦ,
1385 436 1625 474 quamquam
1655 422 1759 464 idem
1793 424 1834 464 in
1858 423 2038 465 eiusdem

349 506 405 536 or.
439 495 461 542 ἕ
494 495 549 533 93
582 497 722 541 exstat,
756 493 886 532 minus
919 494 967 532 ad
998 492 1099 531 hanc
1132 492 1402 541 quaestionem
1432 493 1610 543 pertinet.

488 564 583 604 Mihi
615 564 771 615 quidem
802 564 868 604 diu
899 563 1182 613 diligenterque
1211 564 1455 613 computanti
1487 567 1523 603 et
1553 577 1616 603 res
1638 565 1687 604 ab
1713 564 2038 607 Aesch.et1>1ut.

345 635 512 676 traditas
534 635 777 687 ponderanti,
801 635 1028 682 etiamnum,
1052 645 1153 683 quae
1173 632 1271 672 ratio
1294 633 1393 673 inter
1414 630 1571 676 Aesch.
1582 639 1619 674 et
1640 635 1789 688 Theop.
1813 637 2037 686 internectat,

349 706 526 746 omnium
556 706 786 745 difficillima
818 704 997 756 quaestio
1029 716 1117 742 esse
1148 702 1309 742 videtur.

491 777 601 828 Cap.
639 778 688 817 17
728 777 892 827 vestigia
930 775 1139 827 perspicua
1178 780 1269 814 sunt
1306 781 1468 827 excepto
1507 790 1564 826 eo,
1611 778 1714 828 quod
1750 778 1852 820 Plut.
1876 782 2043 818 'auctore

349 847 623 899 Theophrasto
646 849 784 888 afferre
813 860 856 887 se
882 846 989 894 dicit,
1023 847 1070 886 de
1092 858 1169 896 quo
1191 845 1276 884 loco
1300 858 1431 897 supra,
1455 860 1545 887 eum
1566 849 1614 888 de
1635 848 1914 900 Theophrasto
1923 847 2044 889 ‘vuit-ba

349 920 530 967 facerem,
563 918 741 969 exposui.

489 990 665 1041 Apparet
696 961 816 1029 enim*
831 990 929 1030 haec
960 987 1092 1028 omnia
1113 1001 1137 1027 a
1157 986 1369 1027 Plutarcho
1391 1002 1438 1028 ex
1466 1002 1521 1029 or.
1554 990 1601 1029 de
1623 1002 1768 1030 corona
1789 991 1834 1038 §g
1857 991 2042 1039 79·-ν87,

350 1062 537 1110 87-94,
574 1062 658 1101 244
690 1065 727 1100 et
761 1062 841 1101 237
876 1060 1089 1111 compilata
1120 1070 1229 1097 esse:

581 1132 684 1173 Plut.
719 1145 751 1171 c.
790 1134 839 1172 17
874 1132 930 1172 A:

411 1204 448 1245 1.
471 1206 663 1255 πρῶτον
691 1201 759 1255 μὲν
781 1196 836 1246 εἷς
858 1197 1023 1253 Εὔβοιαν
1041 1197 1164 1254 ἐξώρ-

349 1285 450 1327 μησε
480 1271 570 1317 τοὺς
599 1267 823 1326 Ἀθηαίους

412 1500 450 1540 2,
460 1494 858 1551 καταδεδουλωμένην
869 1491 942 1535 ὑπὸ
953 1501 1026 1535 τῶν
1035 1497 1165 1550 τυράν-

350 1578 423 1607 νων
455 1563 651 1620 Φιλίππῳ·

414 1725 452 1763 3.
475 1733 512 1760 κ.
529 1718 740 1773 διαβάντες,
763 1710 909 1760 ἐκείνου
925 1721 968 1760 τὸ
987 1721 1168 1776 ψήφισμα

349 1793 579 1846 γράψαντος,
601 1788 795 1848 ἐξήλασαν
816 1791 904 1838 τοὺς
922 1788 1166 1836 Μακεδόνας.

734 2019 784 2059 B:

414 2093 451 2132 1,
484 2086 506 2127 δ
516 2102 535 2127 ε
545 2088 566 2128 ί)
577 2100 596 2126 τ
607 2101 625 2127 ε
636 2101 658 2141 ρ
668 2101 689 2127 ο
700 2100 719 2128 ν
745 2086 787 2127 δὲ
808 2083 1030 2134 Βυζαντίοις
1051 2083 1167 2142 ἐβοή-

351 2159 455 2215 θησε
485 2171 523 2199 κ.
555 2156 774 2213 Περινθίοις

414 2247 451 2286 2.
460 2238 534 2282 ὑπὸ
542 2238 842 2287 τοῦΜακεδόνος
852 2241 1166 2295 πολεμουμένοις,

416 2329 454 2366 3.
485 2325 623 2370 πείσας
659 2325 722 2364 τὸν
759 2323 881 2380 δῆμον
917 2320 1062 2378 ἀφέντα
1100 2322 1168 2376 τὴν

351 2393 507 2450 ἔχθραν
527 2407 564 2434 κ.
586 2396 629 2436 τὸ
651 2395 877 2450 μεμνῆσθαι
897 2400 970 2434 τῶν
1000 2393 1086 2447 περὶ
1106 2393 1168 2432 τὸν

353 2467 602 2521 συμμαχικὸν
642 2463 924 2522 ἡμαρτημένων
970 2462 1168 2518 ἑκατέροις

354 2535 524 2591 πόλεμον

417 2836 456 2874 4.
488 2828 713 2872 ἀποστεῖλαι
743 2830 900 2886 δυναμιν
931 2828 1072 2883 αὐτοῖς,
1105 2827 1168 2888 ὑφ’

356 2900 405 2963 ἧς
436 2899 657 2962 ἐσώθησαν.

1391 1133 1538 1176 ,ΒεῐΠ.-
1563 1133 1629 1181 18,
1667 1133 1860 1174 79—87:
1910 1154 1913 1156 ·

1299 1204 1336 1242 1.
1354 1224 1404 1229 —
1426 1201 1626 1254 πρεσβείαν
1642 1199 1796 1256 ἔγραψα
1813 1214 1864 1234 ⁴—-
1883 1197 2045 1256 εἶτατὴν

1235 1266 1288 1316 εἷς
1329 1267 1510 1323 Εὔβοιαν,
1550 1269 1650 1327 ἡνίκ’
1687 1268 1856 1325 Εὐβοίας
1893 1268 2045 1328 ἥπτετο,

1235 1337 1316 1380 εἶτα
1354 1342 1422 1396 τὴν
1461 1339 1520 1382 ἐπ’
1557 1339 1689 1397 Ὠρεὸν
1731 1340 1882 1394 ἔξοδον.
1921 1338 2046 1383 οὐκέτι

1235 1413 1449 1467 πρεσβείαν,
1482 1427 1518 1454 κ.
1535 1415 1618 1469 ’τὴν
1649 1411 1704 1460 εἷς
1732 1410 1940 1469 Ἐρέτριαν,

1299 1501 1335 1540 2.
1347 1492 1478 1552 ἐπειδὴ
1485 1499 1690 1551 τυράννους
1697 1491 2050 1543 ὲκεῐνοςὲνταὸτῖαις

1235 1572 1319 1612 ταῖς
1337 1566 1472 1607 πόλεσι
1492 1555 1733 1623 κατέστησεν.
1779 1571 1890 1619 ἓ79ξ
1913 1557 2048 1610 eadem

1238 1641 1397 1680 uberius
1430 1641 1609 1692 exposita
1641 1626 1732 1680 sunt
1763 1642 1784 1688 ἓ
1818 1642 2027 1681 80¹-82ss

1300 1726 1337 1764 3.
1370 1720 1492 1773 λέγων
1522 1733 1560 1761 κ.
1591 1723 1757 1779 γράφωνι
1779 1724 1800 1770 ἓ
1824 1725 1877 1764 86
1902 1730 1981 1777 —-,‘
2002 1707 2048 1760 ἔκ
2115 1750 2122 1758 .

1237 1797 1306 1847 τῆς
1327 1787 1497 1844 Εὖβοίας
1528 1788 1548 1831 ὁ
1570 1788 1622 1831 Φ.
1645 1788 1838 1847 ἐξηλάθη.
1869 1774 1948 1838 τοῖς
1979 1791 2047 1846 μὲν

1238 1860 1372 1908 ὅπλοις
1403 1859 1466 1918 υφ
1496 1858 1697 1916 υμῶν,τῄ
1738 1860 1780 1901 δὲ
1810 1858 1982 1916 πολιτεία
2009 1874 2047 1902 κ.

1238 1937 1316 1979 τοῖς
1347 1934 1563 1989 ψηφίσμασι
1596 1956 1645 1962 -
1679 1928 1742 1972 υπ’
1780 1929 1875 1987 ἐμοῦ
1914 1935 1935 1982 5
1977 1934 2046 1976 87,

1415 2018 1865 2066 Dem.18‚87—94:

1301 2089 1336 2127 1.
1372 2088 1541 2128 conflata
1571 2102 1618 2128 ex
1650 2089 1759 2128 Dem.
1796 2089 1861 2136 18,
1896 2070 1950 2128 89
1998 2127 2004 2131 ,

1301 2245 1338 2282 2.
1372 2243 1541 2284 conflata
1573 2255 1619 2280 ex
1650 2242 1759 2280 Dem.
1796 2216 1862 2288 18,
1896 2241 1948 2280 87

1300 2328 1337 2364 3.
1357 2326 1446 2366 coll.
1468 2325 1577 2363 Dem.
1605 2325 1670 2371 18,
1691 2325 1763 2362 93:
1787 2316 2048 2375 ἡπροαίρεσις

1238 2391 1263 2449 ἡ
1281 2390 1356 2448 ἐμὴ
1372 2405 1409 2432 κ.
1425 2390 1451 2448 ἡ
1468 2387 1639 2432 πολιτεία
1655 2389 1928 2445 διεπράξατο-εί
1937 2393 2046 2433 Dem.

1242 2469 1307 2514 18,
1330 2468 1403 2505 94:
1445 2459 1553 2517 ὑμεῖς
1585 2459 1617 2501 δ’
1648 2458 1683 2501 οἱ
1713 2461 1781 2501 καὶ
1807 2461 2050 2516 μεμψάμενοι

1238 2533 1369 2574 πολλὰ
1390 2546 1426 2573 κ.
1441 2533 1573 2574 δίκαια
1588 2530 1634 2573 ἂν
1655 2529 1812 2578 ἐκείνοις
1826 2528 1880 2561 ⁴-
1896 2531 1982 2585 περὶ
1997 2527 2049 2570 ὧν

1238 2603 1564 2662 ἠγνωμονήκεσαν
1573 2600 1626 2650 εἷς
1639 2600 1742 2658 ὑμᾶς
1752 2600 1790 2643 ἐν
1800 2606 1877 2647 τοῖς
1886 2599 2049 2656 ἔμπροσ-

1238 2677 1310 2716 θεν
1331 2678 1484 2731 χρόνοις
1504 2672 1549 2715 οἵ)
1570 2677 1684 2730 μόνον
1705 2670 1749 2714 οἰ)
1773 2675 2048 2727 μνησικακοῦν-

1238 2760 1300 2793 τες
1318 2743 1407 2787 οὒδὲ
1427 2748 1639 2801 προιέμενοι
1659 2744 1747 2789 τοὺς
1762 2739 2048 2796 ἀδικουμένους.

1298 2833 1434 2872 4.coll.
1446 2833 1556 2870 Dem.
1573 2831 1637 2876 18,
1649 2827 1788 2870 88ετίς
1803 2821 1849 2879 ἧν
1865 2821 1886 2864 ὁ
1899 2823 2047 2879 βοηθη-

1238 2915 1311 2947 σας
1327 2906 1405 2946 τοῖς
1415 2898 1634 2945 Βυζαντίοις
1655 2909 1692 2936 κ.
1713 2897 1843 2941 σώσας
1859 2891 1998 2940 αὐτοὺς
2011 2901 2048 2936 et

1242 2976 1314 3016 942
1339 2972 1521 3017 σώζοντες
1541 2964 1747 3027 ἐφαίνεσθε
1772 2970 1810 3018 (ἓ
1830 2970 1884 3011 93
1899 2967 2048 3018 σῶσαι).
