2138 3386
0 220 9 251 κ·
0 0 19 200 :tantm-,g

821 197 1107 244 -51..

112 323 180 377 qni
211 323 428 365 secundum
447 323 539 365 Ath.
564 326 588 364 6
622 338 659 375 p.
684 325 767 364 245
790 323 820 363 F
849 323 1028 373 (Mueller
1049 322 1094 361 fr.
1124 320 1162 360 h.
1193 320 1260 360 Gr.
1283 318 1453 367 11466),
1487 318 1527 358 in
1557 317 1657 358 libro
1687 309 1806 355 Ἀπο-

110 393 323 451 wewam
350 394 541 446 inscripto
573 395 868 447 maximamque
898 399 1050 446 partem
1081 393 1130 432 ad
1162 391 1377 431 convivalia
1409 390 1625 442 pertinente
1646 389 1730 429 eius
1751 388 1806 428 rei

111 467 352 509 mentionem
382 467 538 516 fecerat,
570 467 612 507 in
642 467 807 519 stirpem
836 466 1029 507 transisse
1058 464 1220 504 videtur.

251 549 341 591 Alia
370 563 434 590 res
465 563 562 590 sane
591 563 671 590 non
701 550 907 590 minimam
937 553 1067 589 movet
1097 546 1359 587 mirationem.
1423 544 1535 592 Quod
1566 543 1672 583 enim
1702 543 1803 583 Plut.

110 635 145 663 c.
170 623 222 664 25
247 634 280 662 s.
302 635 356 664 m.
379 622 519 662 tradit:
551 620 623 660 ml.
652 616 745 676 μεθ’
773 616 924 675 ἡμέραν
961 642 1006 648 -
1042 618 1105 658 τὸν
1135 615 1372 673 δημαγωγόν
1397 637 1443 643 -
1470 629 1494 655 a
1525 615 1650 655 Gellio
1680 615 1745 663 11,
1781 617 1805 654 9

109 693 272 735 Critolai
293 693 537 746 peripatetici
557 694 789 734 auctoritate
809 694 906 733 freto
923 706 1004 733 non
1020 693 1068 732 de
1084 704 1206 731 causa
1221 688 1446 741 Harpalica,
1465 688 1534 727 sed
1550 687 1599 727 de
1614 686 1807 736 legatione

109 766 282 817 quadam
310 765 483 814 Milesia,
522 778 623 817 quae
654 765 789 806 auxilii
822 764 978 816 petendi
1008 777 1130 804 causa
1159 763 1335 802 Athenas
1368 760 1555 808 venisset,
1595 758 1808 799 memoriae

110 836 303 889 proditur:

249 914 546 962 ‘Demosthenes
577 920 683 960 enim
713 933 804 960 cum
835 919 962 971 primo
992 918 1235 958 Milesiorum
1255 916 1465 969 postulatis
1486 915 1627 957 acriter
1647 927 1807 966 respon-

107 993 245 1042 disset,
276 1005 404 1044 neque
423 991 597 1032 Milesios
628 991 768 1043 dignos
800 1003 926 1042 neque
957 1003 1005 1030 ex
1037 989 1239 1040 republica
1270 989 1308 1028 id
1340 1001 1428 1028 esse
1455 987 1733 1034 contendisset,
1766 999 1808 1026 re

108 1065 150 1105 in
169 1068 372 1116 posterum
386 1063 489 1104 diem
507 1064 660 1115 prolata
675 1063 824 1103 interea
840 1062 1008 1113 pecunia
1025 1066 1254 1112 corruptum
1272 1060 1470 1112 postridie,
1495 1073 1586 1100 cum
1601 1073 1664 1099 res
1681 1060 1808 1099 denuo

108 1135 172 1187 agi
192 1139 332 1188 coepta
351 1139 468 1184 esset,
501 1135 592 1175 lana
613 1135 738 1174 multa
759 1135 905 1174 collum
927 1133 1176 1184 cervicesque
1198 1132 1522 1172 circumvolutum
1544 1132 1593 1172 ad
1616 1131 1808 1183 populum

108 1207 288 1259 prodisse
316 1211 355 1247 et
380 1207 529 1248 dixisse
560 1220 603 1247 se
635 1207 860 1257 synanchen
891 1205 985 1257 pati,
1019 1218 1064 1245 eo
1092 1210 1229 1244 contra
1249 1204 1423 1244 Milesios
1453 1203 1561 1255 loqui
1582 1217 1661 1243 non
1684 1202 1805 1254 quire.

107 1279 212 1320 Tum
243 1292 266 1318 e
295 1279 442 1331 populo
471 1291 596 1318 unum
627 1279 874 1318 exclamasse
904 1291 984 1318 non
1015 1270 1276 1328 ‘synanchen’‚
1317 1277 1421 1327 quod
1451 1275 1562 1315 Dem.
1597 1279 1806 1326 pateretur,

108 1350 178 1391 sed
207 1343 500 1401 ‘argyranchen’
530 1343 641 1390 esse’.

250 1433 456 1482 Quomodo
487 1439 598 1474 tanta
627 1433 834 1474 diversitas
867 1433 1102 1484 explicanda
1122 1435 1207 1471 est?
1252 1431 1443 1482 Equidem
1463 1431 1559 1471 nihil
1592 1432 1807 1479 contend03

108 1517 237 1557 neque
265 1517 356 1545 vero
387 1506 567 1546 omittere
598 1518 762 1557 possum
803 1505 902 1545 alios
944 1517 1100 1555 quoque
1140 1503 1245 1543 viros
1277 1499 1453 1550 doctos1)
1485 1503 1809 1543 animadvertisse

107 1576 364 1617 Plutarchum
392 1576 516 1617 libero
547 1576 708 1616 arbitrio
739 1577 936 1616 interdum
966 1589 1029 1615 res
1060 1575 1356 1626 transposuisse
1387 1575 1469 1614 sive
1489 1576 1714 1625 complures
1745 1588 1809 1614 res

107 1649 149 1688 in
179 1661 300 1689 unam
330 1647 542 1698 imaginem
565 1648 826 1696 contexuisse,
861 1661 938 1698 quo
960 1647 1087 1697 magis
1109 1647 1158 1687 ad
1180 1646 1334 1686 animos
1355 1647 1607 1686 delectandos
1630 1647 1810 1686 efficaces

108 1725 253 1768 essent,
287 1719 491 1760 conscium
513 1719 599 1767 sibi,
623 1723 667 1759 ut
686 1719 783 1758 mihi
805 1719 967 1766 videtur,
992 1719 1109 1767 illius,
1134 1719 1239 1769 quod
1260 1723 1397 1758 auctor
1418 1719 1467 1758 ad
1489 1718 1660 1758 Herenn.
1684 1718 1732 1757 III
1755 1719 1808 1758 23

108 1790 264 1831 statuit:
297 1784 481 1831 ‘narratio
513 1796 573 1831 est
603 1804 737 1830 rerum
769 1796 970 1841 gestarum
1001 1795 1069 1830 aut
1100 1790 1263 1841 proinde
1294 1795 1336 1829 ut
1367 1794 1569 1840 gestarum
1589 1784 1807 1841 expositio’.

138 1907 142 1909 λ
247 1861 426 1914 Denique
455 1863 503 1902 de
534 1864 621 1902 loco
653 1875 700 1902 ex
723 1862 1033 1913 Theopompo
1056 1862 1173 1902 allato
1196 1861 1245 1910 (c.
1271 1863 1325 1902 25
1349 1861 1465 1909 extr.)
1488 1875 1615 1913 pauca
1645 1863 1810 1902 dicenda

108 1938 219 1982 sunt;
251 1947 370 1985 quem
400 1939 443 1974 ut
473 1939 579 1974 recte
610 1935 911 1985 interpretemur
942 1935 992 1974 ad
1024 1947 1056 1973 c.
1092 1935 1147 1974 14
1179 1934 1420 1973 redeundum
1452 1938 1523 1975 est.

249 2004 402 2047 Etenim
433 2019 523 2046 cum
545 2005 827 2057 Theopompus
859 2005 1064 2045 historiam
1092 2018 1170 2045 non
1193 2006 1295 2044 ultra
1317 2019 1464 2044 annum
1489 2007 1571 2044 336
1594 2004 1809 2052 deduxerit,

107 2089 235 2128 neque
265 2077 391 2117 ullum
420 2076 609 2118 indicium
640 2083 766 2118 exstet
798 2078 887 2116 eum
920 2077 1147 2126 singulatim
1179 2078 1227 2117 de
1248 2076 1412 2127 Harpali
1440 2077 1557 2115 rebus
1580 2077 1814 2126 exposuisse

115 2170 159 2176 —
195 2162 287 2189 nam
320 2154 474 2200 praeter
505 2149 684 2189 notitiam
716 2147 871 2202 ζήτησιν
902 2142 1097 2187 ἐποιοῦντο
1128 2147 1355 2201 νεανικὴν
1386 2158 1423 2185 κ.
1455 2159 1485 2184 τ.
1516 2144 1552 2185 λ.
1591 2148 1685 2187 nihil
1729 2148 1812 2187 eius

109 2219 331 2260 auctoritati
351 2220 539 2260 vindicari
562 2226 691 2272 potest
718 2243 781 2268 -,
816 2226 1123 2260 consentaneum
1155 2226 1214 2259 est
1248 2233 1337 2259 eum
1366 2219 1497 2270 aliquo
1523 2220 1610 2258 loco
1626 2219 1812 2259 historiae

109 2291 366 2343 aliquantum,
399 2297 442 2332 ut
475 2293 639 2340 solebat,
672 2292 893 2342 digressum
915 2305 1015 2331 esse.
1069 2291 1116 2330 Et
1138 2292 1418 2342 comprobatur
1438 2290 1535 2330 haec
1557 2290 1730 2341 suspicio
1753 2304 1811 2338 eo,

110 2363 215 2414 quod
228 2375 262 2403 c.
282 2363 334 2404 14
351 2369 448 2404 extr.
463 2364 656 2413 legimus:
679 2363 987 2403 Demosthenem
1007 2376 1258 2414 nequaquam
1280 2367 1483 2401 curantem
1505 2361 1812 2412 indignationem

110 2434 236 2485 plebis
266 2434 550 2486 Antiphontem
582 2449 605 2474 a
635 2435 781 2486 populo
813 2435 1038 2474 absolutum
1069 2434 1110 2473 in
1140 2435 1392 2484 Areopagum
1424 2433 1677 2484 pertraxisse.

251 2505 472 2546 Verisimile
492 2507 597 2546 enim
611 2511 668 2546 est
687 2506 992 2557 Theopompum
1012 2506 1079 2545 illo
1101 2506 1188 2545 loco
1211 2505 1442 2544 memoriam
1464 2505 1648 2555 antiquae
1669 2504 1811 2544 civium

110 2576 410 2618 Atheniensium
440 2577 632 2617 libertatis
663 2590 887 2624 revocasse,
934 2591 1054 2628 quam
1086 2577 1290 2616 rarissime
1322 2576 1410 2626 quis
1442 2575 1617 2615 inaudita
1648 2575 1813 2616 audacia

111 2647 336 2700 sprevisset,
369 2649 474 2687 velut
494 2648 791 2696 Demosthenes,
825 2662 916 2688 cum
947 2648 1232 2699 Antiphontem
1263 2661 1374 2687 reum
1406 2647 1491 2699 ipse
1521 2647 1740 2695 deduceret,
1775 2652 1812 2686 et

111 2719 384 2770 magistratus,
428 2731 518 2758 cum
556 2718 696 2758 timore
726 2719 939 2759 Alexandri
980 2719 1195 2769 perturbati
1227 2723 1426 2758 oratorum
1456 2719 1597 2757 domus
1630 2717 1812 2769 pervesti-

111 2794 272 2840 gat-ent?

254 2914 282 2959 ¹)
306 2917 347 2952 B.
374 2917 759 2960 Buchsenschfitz,
792 2919 1016 2964 Xenophons
1042 2919 1228 2954 Hellenika
1252 2930 1287 2955 u.
1312 2918 1536 2961 Plutarchos,
1569 2917 1609 2953 N.
1635 2917 1761 2953 Jahrb.
1788 2918 1813 2952 t'.

111 2974 240 3012 Philol.
264 2975 352 3011 1871
372 2986 406 3023 p.
425 2976 504 3019 237,
526 2978 604 3020 254,
622 2976 689 3013 261
700 2977 821 3013 «264.
860 2978 1040 3020 Clason.
1059 2978 1151 3014 Plut.
1169 2990 1203 3014 u.
1221 2978 1316 3021 Tac„
1334 2977 1457 3014 Berlin
1479 2977 1568 3012 1870
1586 2988 1620 3022 p.
1639 2975 1683 3011 38
1702 2978 1739 3013 et
1755 2976 1813 3011 50,

1532 3037 1572 3072 4*
