2138 3386
3 252 18 320 ξ’

0 343 11 364 ά

87 317 334 369 adhibtxics‘e
339 319 592 377 exploratum
613 328 729 374 esset,
762 328 895 365 tamen
916 323 956 363 in
977 323 1055 364 vita
1076 321 1333 363 illustrissimi
1354 321 1534 371 oratoris,
1568 321 1680 363 cuius
1702 335 1785 363 ora·

87 398 248 440 tiones
236 403 279 439 m
294 397 483 438 amnibus
504 402 590 436 tum
610 396 713 436 ludis
735 395 963 446 legebantur
985 408 1219 445 summoque
1237 395 1366 434 studio
1383 395 1663 443 tractabantur,
1687 395 1786 435 libro

88 470 178 523 ipso
207 467 392 512 chemate
422 469 664 521 exquirendo
694 467 999 508 examinandum
1032 471 1126 515 erat,
1161 466 1194 505 si
1226 467 1324 504 forte
1345 465 1462 505 latius
1485 466 1602 505 solito
1624 466 1787 506 circum-

88 541 261 594 spexerit
281 545 437 581 et'num
459 553 561 592 quae
579 540 743 591 vestigia
764 544 930 587 exstent,
949 538 1091 590 quibus
1108 537 1365 577 Plutarchum
1388 550 1435 576 ex
1458 537 1639 588 perlectis
1662 537 1788 588 ipsius

87 611 256 655 oram-is
287 606 399 652 libris
431 613 583 652 fructus
614 612 768 663 cepisse
799 616 1000 662 appareat.

110 691 150 707 '¹'
177 700 180 701 ⁷
229 684 339 724 Haec
368 674 482 724 erant
512 684 561 724 de
591 682 794 733 Roesigeri
827 682 1032 734 principiis
1069 680 1366 733 praemittenda.
1430 680 1627 728 Quoniam
1658 686 1789 721 autem

89 752 320 809 probavisse
339 755 439 796 mihi
458 756 604 804 videor,
626 754 913 795 Plutarchum
904 768 945 793 1n
966 753 1153 804 eligendis
1172 752 1429 804 scriptoribus
1443 766 1523 792 non
1541 765 1613 792 suo
1629 752 1790 792 arbitrio

86 827 322 876 indmsisse,
361 827 436 867 'sed
477 827 672 878 optimum
704 831 742 866 et
773 826 1008 866 fidissimum
1043 837 1239 876 quemque
1270 824 1503 875 scriptorem
1535 822 1792 864 deterioribus

88 899 339 952 praetulisse,
372 911 453 939 non
484 899 564 939 iam
594 898 752 938 difficile
783 903 843 937 est
873 898 1024 948 reliqua
1057 909 1213 948 quoque
1244 900 1477 946 argumenta
1503 895 1608 934 illius
1630 895 1791 943 diluere,

87 966 321 1024 praesertim
351 983 444 1010 cum
474 971 625 1019 eodem,
658 957 737 1020 quo
769 970 836 1009 illa
867 969 1072 1020 principia,
1104 967 1196 1006 vitio
1227 968 1417 1014 laborent,
1450 971 1493 1006 ut
1523 966 1634 1006 illata
1664 979 1792 1017 neque

87 1035 256 1084 wibra-
271 1042 446 1082 derivata
477 1042 568 1084 sint.
621 1041 750 1092 Atque
770 1041 944 1092 primum
965 1040 1123 1091 quidem
1145 1039 1290 1078 falsum
1321 1043 1392 1087 est,
1426 1038 1668 1078 Demetrium
1689 1038 1793 1088 Mag-

86 1114 218 1155 netem
238 1113 517 1154 Demosthenis
538 1113 849 1164 magnitudinem
872 1112 1105 1152 imminuere
1126 1111 1338 1159 studuisse,
1373 1111 1477 1162 quod
1508 1115 1551 1150 ut
1582 1110 1792 1161 intelligas,

88 1186 268 1228 animum
298 1196 447 1237 quaeso
479 1186 529 1226 ad
559 1185 657 1225 haec
689 1185 881 1225 attendas

141 1250 172 1297 1¹³
229 1257 394 1298 Duobus
425 1257 524 1296 locis
555 1257 726 1296 Demetr.
762 1257 924 1306 Magnes
957 1255 1190 1296 nominatim
1223 1256 1382 1294 affertur
1414 1254 1464 1304 (c.
1493 1256 1543 1294 15
1577 1259 1615 1294 et
1647 1268 1681 1294 c.
1705 1253 1791 1303 27).

92 1326 211 1378 Qiod
229 1320 541 1379 enim-'Roesiger
560 1328 710 1380 putavit
730 1341 833 1379 cap.
854 1329 908 1370 14
925 1340 1081 1378 quoque
1101 1326 1219 1366 huius
1232 1326 1500 1366 testimonium
1520 1331 1676 1366 exstare
1693 1327 1796 1366 com-

91 1399 274 1453 pluribus
299 1400 438 1440 causis
469 1394 638 1451 probare
667 1413 832 1451 nequeo.
886 1399 989 1439 Nam
1021 1412 1054 1438 c.
1081 1401 1134 1440 10
1157 1403 1195 1438 et
1217 1400 1268 1440 11
1299 1398 1470 1437 Demetr.
1504 1398 1794 1438 Phalereum

90 1468 222 1514 afferri
253 1471 435 1520 vidimuS,
468 1470 630 1522 Magnes
660 1484 751 1511 vero
786 1471 958 1522 primum
989 1483 1022 1510 c.
1050 1473 1101 1510 15
1135 1475 1217 1509 toto
1248 1470 1409 1509 nomine
1440 1469 1650 1521 additoque
1679 1471 1792 1519 libro,

87 1547 169 1596 duo
193 1534 298 1584 ‘illud
329 1543 523 1595 scriptum
543 1548 639 1592 erat,
671 1543 909 1582 nominatur.
957 1542 1105 1581 Deinde
1126 1541 1223 1581 mihi
1245 1542 1482 1592 persuadere
1503 1555 1581 1581 non
1614 1555 1792 1593 possum,

88 1606 351 1656 Plutarchum
367 1614 590 1664 Magnetem
611 1619 813 1654 auctorem
835 1614 888 1653 rei
911 1614 978 1653 illo
996 1613 1124 1664 capite
1139 1617 1382 1653 memoratae
1397 1626 1593 1664 usurpare
1609 1619 1795 1654 conatum

87 1691 200 1735 esse3
229 1695 326 1726 nam
356 1690 539 1726 accurate
569 1687 744 1737 probabo
765 1686 1022 1725 Plutarchum
1053 1689 1090 1724 et
1121 1685 1160 1724 in
1181 1684 1460 1724 Demosthenis
1481 1685 1560 1725 vita
1586 1685 1793 1734 rationem,

89 1763 208 1810 (jalam
241 1757 342 1798 Cim.
375 1770 409 1798 c.
445 1759 469 1797 2
504 1757 759 1808 praedicavit,
803 1762 983 1797 secutum
1012 1757 1179 1796 honeste
1210 1757 1312 1797 facta
1343 1757 1605 1796 libentissime
1636 1761 1796 1796 auctore

84 1828 176 1873 noti*
196 1828 332 1870 addito
362 1829 598 1878 exscribere,
632 1829 799 1881 turpiter
831 1828 1047 1869 commissa
1078 1841 1282 1879 nunquam
1313 1828 1391 1868 nisi
1420 1829 1599 1880 pluribus
1621 1828 1795 1868 fontibus

64 1901 222 1954 iisque
245 1901 560 1952 aequal-ibus
593 1901 778 1941 adhibitis
810 1901 932 1941 literis
964 1900 1209 1950 consignare.
1264 1901 1397 1951 Itaque
1428 1900 1591 1940 dubium
1620 1913 1699 1939 non
1722 1904 1793 1948 est,

88 1973 186 2025 quin
198 1971 396 2012 Demetrio
411 1971 602 2013 Phalereo
620 1973 662 2012 in
677 1986 719 2013 re
734 1978 817 2013 tam
833 1972 1097 2026 ignominiosa
1113 1984 1228 2011 aures
1252 1971 1485 2022 praebuerit,
1510 1971 1656 2023 quippe
1678 1984 1794 2023 quem

86 2040 346 2086 Demostheni
366 2044 602 2085 familiarem
632 2045 756 2084 fuisse
786 2046 891 2085 haud
922 2044 1159 2095 ignoraverit
1191 2043 1257 2093 (cf.
1282 2056 1314 2083 c.
1343 2045 1391 2083 11
1418 2043 1540 2092 init.);
1572 2043 1794 2094 Magnetem

88 2107 202 2157 certe*
223 2111 443 2167 respuisset
473 2115 539 2164 (cf.
573 2128 606 2156 c.
642 2118 695 2157 30
729 2116 858 2164 extr.).

123 2197 127 2208 ¹
168 2203 170 2206 ·
232 2186 415 2228 Ceterum
436 2192 480 2227 ut
500 2188 764 2228 concedamus
786 2187 1007 2238 Magnetem
1027 2187 1107 2226 illic
1129 2188 1350 2238 inspectum
1374 2199 1474 2235 esse,
1509 2187 1613 2237 quod
1635 2186 1794 2237 quidem

89 2251 303 2310 Roesigero
333 2258 411 2310 ipsi
433 2272 471 2311 p.
497 2261 550 2300 36
583 2260 759 2299 nondum
790 2259 1045 2310 perspicuum
1076 2272 1164 2299 esse
1194 2259 1357 2307 videtur,
1390 2258 1579 2308 Roesiger
1610 2258 1794 2297 hocloco

88 2330 338 2371 Vehementer
369 2331 522 2372 erravit.
581 2331 737 2371 Etenim
768 2343 859 2370 cum
872 2331 1027 2370 diversa
1058 2331 1097 2369 in
1128 2330 1437 2370 Demosthenem
1469 2330 1598 2369 studia
1631 2330 1796 2381 probare

88 2403 265 2451 §uideam
289 2390 515 2454 repperisse
546 2415 589 2442 se
619 2403 803 2454 opinatur
834 2415 1023 2452 magnum
1054 2402 1299 2441 diversorum
1327 2401 1494 2440 fontium
1515 2401 1796 2441 documentum

90 2470 246 2517 collatis
269 2485 369 2513 vcum
399 2473 587 2513 Demetrii
617 2478 701 2513 tum
734 2473 797 2513 his
829 2473 1014 2513 extremis
1046 2473 1195 2513 verbis:
1234 2467 1317 2510 ἐπεὶ
1356 2471 1446 2516 τοὺς
1476 2480 1520 2522 γε
1550 2467 1650 2510 καθ’
1681 2466 1797 2511 αὑτὸν

90 2537 262 2597 ῥήτορας
289 2541 361 2582 καὶ
389 2548 443 2596 τῷ
474 2542 545 2596 βίῳ
574 2541 763 2599 παρῆλθε
794 2557 828 2584 c.
854 2547 908 2586 14
931 2546 1047 2593 med„
1082 2557 1173 2584 cum
1205 2545 1274 2592 eis,
1309 2557 1410 2595 quae
1441 2557 1474 2583 c.
1501 2546 1553 2586 13
1577 2544 1617 2583 in
1639 2544 1796 2584 laudem

89 2610 368 2670 Demosthenis
406 2616 510 2656 dicta
545 2622 690 2656 essent.
754 2617 855 2656 Nam
896 2629 988 2656 cum
1025 2617 1128 2656 Plut.
1161 2616 1440 2656 Demosthenis
1472 2621 1639 2655 mortem
1672 2629 1704 2656 c.
1741 2618 1794 2658 13

90 2685 363 2727 testimonium
377 2688 622 2728 constantiae
647 2701 736 2728 esse
765 2688 979 2739 scripserit,
1001 2689 1168 2739 flagitari
1192 2702 1225 2728 c.
1257 2690 1311 2730 14
1334 2688 1386 2728 in.
1417 2710 1463 2715 —
1491 2689 1558 2728 ubi
1575 2689 1796 2728 Demetrius

91 2758 458 2815 autel-*nominetur
484 2780 531 2786 —-
557 2759 621 2799 vix
653 2759 836 2800 credibile
867 2760 986 2809 dictu,
1020 2761 1184 2800 eandem
1216 2766 1384 2800 mortem
1415 2766 1457 2800 ut
1490 2761 1646 2811 signum¹
1678 2760 1797 2811 turpi-

90 2829 237 2879 tudinis
269 2843 357 2870 esse
388 2831 610 2871 credamus.
662 2831 817 2872 Etenim
837 2833 1143 2873 Demosthenem
1175 2833 1225 2872 ad
1256 2833 1473 2872 laudandas
1505 2833 1702 2872 maiorum
1733 2845 1797 2872 res

46 2948 49 2951 p
90 2902 317 2952 praeclaras
349 2902 601 2954 aptissimum
633 2903 721 2952 dici,
755 2905 803 2944 ad
835 2905 1046 2944 imitandas
1077 2905 1182 2943 haud
1215 2905 1528 2954 accomodatum,
1562 2898 1612 2944 ‘id
1644 2905 1748 2955 quod
1776 2917 1797 2947 e

89 2978 216 3017 morte
247 2974 331 3014 eius
363 2981 644 3025 cognoscaturz
677 2969 761 3013 ἐπεὶ
790 2975 879 3022 τοὺς
909 2988 953 3028 γε
985 3005 993 3014 .
1026 3004 1035 3013 .
1066 2985 1104 3014 κ.
1135 2986 1166 3013 τ.
1197 2969 1245 3015 λ.’
