2138 3386
1093 247 1379 292 ...10-

393 379 456 411 res
488 369 551 410 ad
567 369 744 410 Phalerei
776 369 935 410 fratrem
971 369 1225 411 Himeraeum
1252 370 1450 422 pertinens
1481 370 1697 423 exponitur.
1748 370 1866 420 Idem,
1887 369 1964 423 ¹qui
1993 369 2068 412 hoo

393 441 509 481 modo
541 442 695 481 mecum
727 442 999 490 concluserint,
1031 442 1157 494 magis
1187 442 1449 493 perspicient.

534 513 575 551 Si
597 514 765 554 Demetr.
787 513 946 563 Magnes
960 514 1217 564 Hermippum
1242 519 1398 553 secutus
1418 513 1655 553 contrariam
1672 511 1915 555 sententiam
1926 515 2068 553 smus-

390 583 470 631 bat,
502 583 591 633 ipsi,
616 596 684 622 cur
705 584 745 622 in
764 584 1004 624 contrarium
1026 584 1146 633 iisset,
1180 585 1453 635 explicandum
1475 589 1568 626 erat.
1602 585 1650 623 Et
1670 585 1865 635 quomodo
1886 581 1924 623 id
1947 583 2071 635 potuit
2107 619 2119 634 ,

390 653 467 693 nisi
497 654 603 694 fonte
634 655 884 703 nominando,
917 668 963 694 ex
997 667 1073 705 quo
1108 667 1223 694 suum
1253 656 1438 704 hauserit,
1471 656 1614 707 quippe
1645 656 1710 707 qui
1739 656 1801 696 his
1828 640 2072 707 temporibus

391 730 565 764 remotus
588 731 703 765 esset.
737 726 822 765 Hoc
843 738 921 765 non
939 725 1090 772 accidit,
1112 739 1206 764 nam
1227 726 1260 765 si
1281 726 1483 775 accideret,
1507 726 1738 767 Plutarchus
1754 726 2071 778 quoquesssontom

392 797 613 836 nominaret
632 809 704 836 nec
725 797 964 836 Demetrium
984 797 1034 836 M.
1056 801 1196 836 testem
1218 797 1492 837 secundarium
1513 799 1676 846 afferret,
1700 798 1771 848 ⁴qui
1791 797 1887 837 illud
1905 797 2067 848 repetat.

395 867 507 907 Certe
538 867 643 906 enim
674 868 752 906 hoc·
788 880 902 906 nemo
943 869 1072 907 credet
1109 867 1362 907 Plutarchum
1398 869 1503 907 hunc
1523 869 1670 908 *locum
1707 868 1762 907 ita
1795 863 2070 918 ‘comparatum

391 938 587 977 invenisse
618 939 721 988 apud
742 938 977 987 Magnetem:
1011 940 1249 991 Hermippus
1277 939 1433 990 quidem
1463 940 1537 978 hoc
1568 939 1672 987 dicit,
1704 951 1775 989 ego
1797 938 2072 978 autem÷-mu⁴lto

391 1010 531 1048 melius
563 1009 777 1049 instructus
809 1010 896 1048 dico
927 1021 1017 1049 eum
1051 1010 1306 1050 Anaximenis
1338 1010 1573 1061 discipulum
1604 1009 1748 1057 fuisse3
1786 1009 2072 1049 animadvertas

393 1085 593 1130 praeterea
624 1080 815 1131 particula
851 1076 873 1117 δ
889 1079 908 1117 ὲ
945 1081 1154 1130 significari
1191 1081 1262 1120 has
1301 1081 1458 1120 notitias
1489 1094 1536 1120 ex
1574 1080 1840 1131 compluribus
1870 1076 2072 1119 tibrim-dei

391 1155 544 1201 cerptas
577 1151 744 1199 conecti3
790 1164 888 1201 quas
925 1165 1020 1191 num
1060 1152 1144 1203 ipse
1175 1165 1225 1191 an
1257 1152 1369 1201 alius,
1396 1165 1532 1203 quem
1560 1152 1637 1191 hoc
1673 1152 1765 1191 loco=
1790 1149 2070 1202 transscripsit,

391 1221 667 1271 composuerit,
701 1234 778 1260 non
800 1221 955 1262 difficile
986 1226 1048 1262 est
1076 1223 1301 1271 decernere3
1334 1236 1426 1262 nam
1458 1223 1639 1262 abhorret
1671 1235 1790 1273 quam
1820 1218 2072 1262 maxffiiff'ab

389 1292 543 1342 ingenio
559 1292 758 1332 Plutarchi
781 1292 934 1342 longius
956 1294 1177 1333 necessario
1199 1295 1351 1343 evagari
1367 1294 1631 1344 minutiasque
1651 1294 1855 1332 doctorum
1866 1292 2072 1332 hominum

392 1363 570 1413 proprias
592 1363 683 1402 data
704 1376 822 1414 opera
836 1376 1038 1414 quaerere3
1060 1364 1191 1414 itaque
1205 1377 1328 1403 unum
1344 1364 1514 1414 aliquem
1532 1364 1763 1415 scriptorem
1778 1363 1813 1403 ei
1827 1357 2073 1403 haecomnia

393 1434 665 1485 suppeditasse
696 1435 931 1474 credendum
963 1439 1040 1483 est;
1072 1434 1159 1485 quis
1190 1435 1254 1474 hic
1285 1435 1406 1474 fuisse
1426 1435 1611 1484 videatur,
1643 1435 1744 1474 infra
1774 1433 2069 1485 explicabimus.

531 1506 679 1554 Restat,
712 1511 754 1544 ut
785 1519 1032 1556 quaeramus,
1066 1492 1162 1545 num
1182 1507 1341 1557 reliqua,
1376 1519 1475 1557 quae
1495 1506 1706 1555 Roesigero
1727 1505 1966 1554 videbantur,
1998 1492 2070 1544 De*

391 1577 517 1616 metrii
546 1577 737 1626 Magnetis
770 1576 929 1626 vestigia
960 1582 1196 1628 appareant3
1229 1577 1384 1627 collegit
1413 1581 1543 1622 autem
1574 1576 1706 1616 omnia
1735 1589 1783 1616 ex
1814 1584 1918 1626 cap.
1953 1577 1990 1615 5.

531 1647 707 1686 Primum
738 1647 842 1686 enim
865 1648 968 1698 (pag.
993 1647 1066 1695 36)
1088 1648 1253 1699 probare
1284 1649 1422 1696 studet,
1455 1652 1665 1698 postquam
1693 1647 1844 1698 Psplut.
1868 1641 1973 1687 844⁶
1999 1655 2070 1697 pro

391 1718 611 1767 Hegesia
640 1719 818 1768 Magnete
849 1718 1093 1758 Demetrium
1122 1719 1341 1768 Magnetem
1372 1723 1516 1757 temere
1547 1718 1704 1769 recepit,
1742 1717 1946 1768 Hermippi
1963 1712 2071 1756 “rela-

390 1789 535 1827 tionem
567 1794 724 1828 auctore
756 1789 881 1828 Gellio
912 1789 959 1828 III
994 1790 1044 1829 13
1083 1789 1270 1828 tradentis
1301 1789 1605 1828 Demosthenem
1635 1784 1957 1841 Callistratdviiv
1980 1785 2072 1838 περὶ

392 1855 568 1910 Ὠρωποῦ
605 1859 725 1911 κρίσιν
765 1860 915 1900 dicente
950 1861 1161 1899 admodum
1200 1860 1552 1899 adolescentem
1583 1860 1721 1907 fuisse,
1762 1872 1785 1898 a
1816 1853 2071 1909 scriptoribus

392 1935 480 1980 post
494 1931 755 1981 Hermippum
775 1931 1002 1970 florentibus
1019 1930 1072 1970 ita
1093 1931 1340 1969 immutatam
1356 1943 1454 1978 esse,
1478 1935 1520 1969 ut
1535 1929 1840 1969 Demosthenem
1860 1929 2074 1968 admodum

391 2013 597 2051 puerum
618 2001 740 2040 fuisse
761 2006 1038 2040 asseverarent.
1063 2001 1159 2048 Quis
1175 2001 1276 2040 hanc
1297 2000 1471 2040 fabulam
1486 2000 1540 2039 ita
1555 2000 1837 2048 deformaverit,
1859 1998 2070 2049 Roesigero

389 2085 467 2111 non
489 2072 643 2111 difficile
663 2072 787 2120 dictu3
810 2072 953 2111 etenim
969 2085 1059 2111 cum
1075 2072 1326 2111 Plutarchum
1349 2076 1526 2111 auctores
1544 2083 1636 2109 suos
1654 2071 1702 2110 ad
1722 2071 1883 2109 verbum
1903 2069 2071 2119 exscrip-

391 2143 491 2182 sisse
507 2150 646 2193 ‘neque
667 2143 798 2194 ipsum
820 2157 866 2182 ex
895 2143 1160 2194 compluribus
1182 2143 1351 2182 fontibus
1374 2141 1620 2191 congessisse
1640 2153 1779 2191 neque,
1808 2140 1845 2179 ‘si
1866 2139 2068 2188 videretur,

387 2214 462 2252 hoc
493 2214 588 2252 illud
620 2227 691 2253 suo
713 2214 874 2253 arbitrio
896 2214 1091 2254 addidisse
1113 2215 1254 2261 credat,
1289 2213 1408 2252 alium
1431 2212 1673 2262 scriptorem,
1706 2211 1773 2261 qui
1793 2211 1893 2250 inter
1923 2219 2014 2267 eum
2033 2213 2072 2249 et
2135 2227 2137 2230 ·

387 2284 647 2335 Hermippum
669 2285 852 2332 floruerit,
887 2286 1039 2324 nullum
1060 2285 1207 2323 noverit
1234 2283 1310 2322 nisi
1330 2283 1570 2322 Demetrium
1590 2283 1821 2331 Magnetem,
1849 2281 1954 2320 hunc
1980 2293 2071 2320 eum

388 2356 520 2403 fuisse,
555 2356 620 2405 qui
642 2357 815 2395 fabulam
844 2357 898 2395 ita
918 2356 1084 2404 verterit,
1117 2360 1160 2394 ut
1181 2355 1284 2405 apud
1305 2355 1411 2404 Pspl.
1435 2355 1460 2393 1.
1484 2367 1536 2392 m.
1560 2353 1737 2402 legimus,
1770 2365 1840 2403 pro
1868 2352 2069 2402 explorato

386 2425 514 2464 habet.

527 2495 578 2534 At
609 2509 698 2535 vero
738 2509 900 2546 prorsus
937 2496 1189 2535 temerarium
1220 2501 1279 2535 est
1317 2496 1418 2534 hanc
1449 2494 1796 2542 narratiunculam,
1838 2502 1957 2543 quam
1992 2491 2071 2530 iam

386 2565 561 2616 Droysen
593 2567 749 2614 (Philol.
774 2567 822 2605 IV
843 2566 945 2615 427)
967 2571 1004 2606 et
1024 2567 1070 2606 A.
1095 2566 1277 2606 Schaefer
1308 2566 1434 2615 (Dem.
1457 2578 1494 2604 u.
1519 2578 1549 2604 S.
1573 2565 1614 2603 Z.
1639 2565 1654 2603 Ι
1677 2563 1777 2612 276)
1809 2567 1846 2603 et
1877 2567 1967 2602 ante
1996 2562 2069 2600 hos

385 2636 661 2676 Westermann
694 2638 773 2685 (vit.
806 2639 841 2677 X
872 2651 927 2678 or.
957 2638 1222 2686 Quedlinburg
1246 2636 1374 2684 1833)
1406 2635 1597 2685 Hegesiae
1628 2634 1773 2674 oratori
1802 2638 1840 2672 et
1869 2633 2068 2680 historico,

385 2707 451 2756 qui
473 2708 646 2757 aequalis
669 2709 922 2748 Democharis
945 2713 1038 2757 erat,
1067 2710 1255 2758 abrogare
1275 2708 1516 2754 verebantur,
1550 2706 1615 2745 alii
1637 2703 1816 2755 scriptori
1837 2703 2070 2764 adiudicare.⁴

525 2778 658 2826 Quod,
703 2779 736 2817 si
768 2779 1092 2829 quaesiverimus,
1135 2778 1332 2829 quomodo
1369 2777 1544 2816 diversae
1581 2776 1670 2815 illae
1705 2775 1862 2813 fabulae
1898 2774 1997 2812 inter
2028 2785 2071 2812 se

385 2846 592 2886 cohaerere
625 2847 837 2897 videantur,
881 2862 960 2888 non
997 2849 1076 2887 iam
1114 2850 1326 2887 obscurum
1364 2848 1446 2886 erit.
1507 2846 1659 2886 Etenim
1689 2845 1769 2884 iam
1799 2858 1822 2884 a
1854 2843 2068 2894 Lozynskio

385 2917 606 2968 (Hermippi
629 2919 832 2969 Smyrnaei
855 2920 1094 2970 peripatetici
1116 2920 1268 2968 fragm,
1302 2919 1462 2957 Bonnae
1485 2916 1613 2964 1832)
1645 2916 1719 2955 hoc
1756 2915 2070 2955 animadversum

384 2992 461 3026 est:
509 2982 628 3038 ‘Quae
659 2990 758 3029 Plut.
793 2991 901 3032 Dem.
937 3004 969 3032 c.
1004 2993 1026 3031 5
1062 2994 1205 3038 narrat,
1251 2994 1333 3029 tam
1365 2994 1456 3028 sunt
1487 2987 1628 3028 similia
1659 2986 1943 3035 Gellianis,·¹1ut
1979 2996 2069 3025 eum
