2138 3386
1064 244 1347 299 „20-

371 363 486 402 etiam
509 363 670 402 nomina
693 363 928 414 scriptorum
950 369 1034 403 tum
1055 365 1133 404 fere
1155 367 1378 418 aequalium
1402 372 1487 407 tum
1508 367 1780 418 posteriorum.
1826 368 2057 415 Lieotvenim

369 433 532 472 Hermi
544 448 567 484 p
581 447 666 484 pus
681 434 968 474 Callimacheus
993 434 1112 474 vitam
1138 437 1240 477 ultra
1266 451 1413 477 annum
1429 439 1510 478 203
1528 437 1677 490 aliquot
1701 438 1817 478 annis
1840 440 2054 494 detinuerit,

367 503 542 543 Aristo
575 504 716 554 Ceus,
751 518 867 556 quem
898 505 986 544 inde
1017 507 1066 545 ab
1097 520 1200 546 anno
1235 510 1316 548 226
1339 508 1686 559 Peripateticorum
1715 514 1906 553 rectorem
1934 511 2058 553 fuisse

367 575 604 625 accepimus,
637 575 731 615 flore
763 576 900 616 aetatis
933 577 980 615 de
1000 576 1263 617 Demosthene
1295 592 1393 629 quae
1422 579 1506 618 eius
1534 579 1608 618 fide
1637 578 1812 623 nituntur.
1832 580 2055 637 scripfflt,

366 645 748 696 Eratosthenes,
783 647 848 698 qui
870 661 972 686 anno
998 650 1078 688 275
1102 653 1219 688 natus
1245 650 1326 689 194
1348 649 1527 698 decessit,
1560 649 1687 700 prima
1716 650 1924 701 iuventute,
1957 664 2056 704 quae

367 716 444 756 huc
466 717 671 767 pertinent,
696 717 995 767 consignaverit,
1019 723 1162 766 tamen,
1187 718 1221 757 si
1235 719 1496 770 Hermippum
1517 733 1596 759 non
1617 725 1791 764 extrema
1811 727 1942 766 aetate
1957 722 2056 765 vitas

363 787 452 827 illas
475 789 748 839 composuisse
764 788 1054 837 crediderimus,
1079 802 1168 827 eum
1181 790 1230 828 ad
1246 789 1404 828 illorum
1419 790 1539 829 libros
1558 803 1629 830 sua
1645 791 2056 845 cominussseputwe

363 858 642 900 dubitabimus.
680 859 928 910 Quamquam
949 872 1012 898 me
1033 873 1110 898 non
1133 860 1229 910 fugit
1250 860 1549 900 Eratosthenem
1571 874 1724 912 quoque
1745 862 2054 913 Callimacheum

363 930 486 968 fuisse
516 935 554 969 et
583 930 625 969 in
647 931 815 980 regenda
837 930 1071 969 bibliotheca
1092 930 1357 970 Alexandrina
1379 930 1620 971 Callimacho
1644 933 1900 983 successisse,
1927 919 2055 986 neque

363 1006 467 1040 esset
484 1014 553 1039 cur
569 1001 806 1049 Aristonem,
831 1001 896 1052 qui
913 1001 999 1052 ipse
1017 1015 1170 1052 quoque
1186 1002 1533 1052 Peripateticorum
1548 1002 1718 1043 familiae
1738 1003 1919 1045 addictus
1937 1009 2053 1053 esset,
2118 1052 2124 1062 .-

365 1071 582 1123 Hermippo
601 1073 746 1123 scripta
765 1086 836 1111 sua
857 1072 1117 1123 impertivisse
1138 1074 1230 1112 data
1251 1086 1369 1124 opera
1385 1086 1579 1123 negarem,
1602 1073 1679 1112 nisi
1700 1074 1776 1114 alia
1796 1079 1960 1124 restaret
1979 1074 2053 1124 via,

364 1156 483 1193 quam
514 1148 556 1182 ut
587 1144 794 1193 ingrediar,
828 1144 1005 1194 pluribus
1036 1144 1189 1183 indiciis
1222 1156 1351 1194 cogor.
1384 1175 1387 1180 .

503 1214 674 1264 Vestigia
705 1215 808 1253 enim
840 1220 1031 1265 apparent
1063 1215 1265 1266 scriptoris
1287 1203 1503 1263 cuiusdam,
1537 1215 1602 1266 qui
1622 1215 1721 1255 inter
1742 1218 1992 1262 annum181
2014 1222 2054 1257 et

366 1284 474 1323 146a
495 1284 587 1326 Chr.
617 1298 655 1324 n.
678 1285 819 1333 floruit,
853 1291 890 1324 et
911 1286 1259 1336 Peripateticorum
1287 1287 1481 1325 asseclam
1501 1286 1587 1337 ipse
1607 1300 1762 1338 quoque
1793 1301 1836 1327 se
1866 1288 2054 1339 profitens

362 1355 641 1394 Demosthenis
673 1356 793 1395 vitam
824 1356 1006 1396 condidit.

503 1426 605 1465 Nam
636 1427 768 1466 nescio
800 1441 876 1477 quo
898 1428 1029 1467 favore
1050 1428 1228 1466 fortunae
1249 1427 1355 1478 Pspl.
1382 1429 1502 1476 847a,
1535 1429 1601 1468 ubi
1622 1429 1720 1468 alios
1743 1428 1955 1480 scriptores
1977 1429 2053 1470 alia

361 1502 486 1535 morte
501 1497 806 1536 Demosthenem
822 1498 1055 1537 occubuisse
1076 1498 1283 1537 tradidisse
1304 1499 1403 1538 mira
1422 1500 1591 1549 quadam
1606 1499 1806 1549 diligentia
1820 1486 2051 1551 explicatur,

361 1568 567 1607 docemur:
610 1562 832 1619 Σάτυρος
876 1565 927 1605 δὲ
965 1563 985 1606 ὁ
1026 1567 1347 1622 συγγραφεὺς
1377 1568 1440 1607 τὸν
1470 1566 1653 1622 κάλαμον
1681 1567 1984 1624 πεφαρμάχθαι,
2019 1565 2051 1622 ᾧ

359 1637 516 1692 γράφειν
546 1634 689 1691 ἤρξατο
719 1637 787 1692 τὴν
818 1633 1032 1692 ἐπιστολήν,
1064 1633 1108 1677 οὗ
1139 1639 1372 1692 γευσάμενον
1394 1634 1617 1680 ἀποθανεῖν.
1664 1641 1900 1681 Plutarchus
1914 1645 2051 1683 'autem

360 1722 392 1748 c.
414 1711 466 1748 29
483 1710 584 1748 hanc
602 1710 868 1748 narrationem
885 1715 1043 1749 secutus
1058 1710 1336 1761 copiosiusque
1352 1711 1628 1762 interpretatus
1646 1724 1679 1751 c.
1698 1713 1750 1752 30
1768 1711 2050 1751 Aristonem

361 1782 445 1821 eius
478 1782 533 1821 rei
565 1787 707 1821 testem
738 1783 926 1821 nominat.
976 1782 1085 1829 Quae
1107 1796 1197 1821 cum
1219 1781 1383 1831 ita'sint,
1418 1783 1580 1833 Satyrus
1612 1782 1696 1822 sine
1717 1782 1834 1823 dubio
1854 1782 2056 1823 Aristonis.

358 1853 520 1903 vestigia
553 1853 697 1904 pressit
729 1859 765 1892 et
797 1866 897 1904 quae
927 1853 990 1892 hic
1021 1853 1233 1892 tradiderat
1264 1853 1461 1903 adoptavit
1491 1858 1528 1892 et
1559 1853 1684 1892 fusius
1715 1853 1948 1904 explanavit.

500 1924 695 1971 Quoniam
717 1924 832 1973 igitur
849 1924 1079 1975 scriptorem
1095 1924 1352 1974 repperimus,
1377 1924 1442 1974 qui
1459 1924 1669 1974 scriptores
1679 1929 1775 1975 ‘post
1791 1924 2052 1975 Hermippum

357 1995 553 2043 florentes,
586 1995 883 2033 Eratosthenem
905 2000 942 2033 et
963 1994 1199 2042 Aristonem,
1234 1994 1457 2033 excussisse
1482 1995 1643 2043 videtur,
1676 1996 1792 2034 refert
1813 1994 2049 2043 examinare,

357 2080 453 2105 num
485 2066 695 2105 Plutarcho
728 2065 859 2116 aliqua
890 2079 931 2104 re
964 2078 1006 2104 se
1038 2065 1367 2104 commendaverit
1398 2070 1435 2104 et
1466 2065 1542 2104 alio
1573 2065 1653 2105 iam
1684 2066 1771 2105 loco
1803 2065 1892 2105 usui
1923 2065 2048 2105 fuerit.

358 2136 443 2184 Qua
474 2137 514 2175 in
544 2150 585 2176 re
616 2138 828 2175 dolendum
861 2142 931 2185 est,
966 2137 1068 2187 quod
1101 2137 1149 2175 ob
1172 2136 1408 2186 paucitatem
1429 2137 1736 2185 fragmentorum
1756 2149 1896 2188 parum
1916 2137 2048 2187 liquet,

358 2208 484 2258 qualis
507 2208 633 2247 fuerit.
688 2207 764 2246 Sed
786 2208 1032 2258 praedicatur
1064 2207 1147 2246 eius
1170 2207 1346 2245 doctrina
1368 2207 1416 2245 ab
1438 2207 1676 2258 Hieronymo
1707 2209 1755 2247 de
1785 2208 1876 2247 viris
1907 2207 2047 2247 illustr.

356 2279 387 2317 ΙΙ
411 2280 494 2317 822
518 2279 593 2317 hoc
615 2280 752 2318 modo:
787 2278 966 2317 Hortaris
999 2291 1073 2326 me,
1106 2283 1149 2316 ut
1176 2299 1220 2304 —
1248 2278 1536 2317 ecclesiasticos
1559 2279 1770 2329 scriptores
1801 2278 1842 2317 in
1872 2277 2049 2323 ordinem

357 2350 531 2399 digeram
549 2356 585 2388 et
603 2351 705 2400 quod
722 2350 786 2390 ille
802 2350 841 2388 in
864 2348 1137 2390 enumerandis
1160 2348 1359 2398 gentilium
1382 2348 1583 2389 literarum
1604 2349 1695 2388 viris
1713 2349 1802 2388 fecit
1816 2348 2046 2398 illustribus,

356 2433 426 2470 ego
441 2421 480 2460 in
496 2421 642 2460 nostris
660 2421 802 2461 faciam
824 2452 832 2460 .
853 2452 861 2460 .
883 2452 891 2460 .
915 2421 1088 2459 fecerunt
1109 2418 1266 2469 quidem
1286 2419 1360 2457 hoc
1382 2419 1485 2458 idem
1506 2420 1610 2470 apud
1623 2419 1795 2459 Graecos
1807 2419 2047 2471 Hermippus

360 2492 653 2542 peripateticus,
693 2514 738 2519 -—-
777 2492 985 2542 Satyrus
1017 2492 1193 2530 doctus
1225 2490 1303 2528 vir.
1344 2511 1388 2515 —

497 2564 765 2614 Amplitudine
782 2568 913 2602 autem
928 2562 1044 2601 huius
1062 2561 1161 2601 vitae
1179 2555 1279 2609 (Βίοι
1293 2572 1313 2597 τ
1324 2563 1383 2598 ῶν
1398 2554 1558 2604 ἐνδόξων
1575 2555 1738 2613 ἀνδρῶν)
1755 2561 1910 2600 fuerunt
1923 2565 2042 2610 tanta,

360 2639 400 2673 ut
418 2634 496 2673 iam
513 2635 740 2674 Heraclides
756 2635 938 2682 Lembus,
958 2634 1075 2672 homo
1093 2633 1126 2671 ei
1142 2632 1403 2682 subaequalis,
1421 2632 1460 2670 in
1475 2632 1750 2683 compendium
1763 2645 1829 2672 eas
1844 2632 2045 2682 redigeret.

357 2704 457 2752 Quid
478 2709 594 2744 vero?
632 2705 879 2754 Plutarchus,
897 2704 961 2755 qui
980 2704 1106 2754 Satyri
1122 2716 1319 2753 nusquam
1335 2716 1460 2753 neque
1476 2703 1515 2742 in
1531 2703 1805 2744 Demosthenis
1821 2703 1898 2743 vita
1918 2715 2044 2754 neque

356 2775 396 2814 in
427 2776 503 2815 alia
533 2777 610 2815 vita
641 2777 880 2816 mentionem
911 2776 1013 2823 facit,
1047 2789 1136 2814 eum
1168 2774 1391 2813 excussisse
1423 2775 1705 2814 existimandus
1737 2777 1821 2814 est?
1866 2773 1924 2813 Re
1952 2785 2043 2813 vera

356 2846 430 2884 hoc
452 2847 522 2886 fuit
544 2848 703 2886 omnino
718 2849 968 2898 antiquorum
993 2860 1124 2885 rerum
1139 2846 1385 2896 scriptorum,
1409 2845 1589 2896 inprimis
1606 2845 1804 2884 Plutarchi
1825 2844 2039 2895 proprium,

356 2930 446 2956 cum
468 2919 641 2958 diversos
663 2919 889 2958 adhiberent
910 2923 1089 2958 auctores
1111 2922 1158 2964 et,
1183 2930 1282 2967 quae
1299 2931 1321 2955 a
1337 2917 1498 2967 singulis
1516 2916 1655 2955 tradita
1676 2921 1818 2964 essent,
1841 2916 2039 2963 referrent,

356 2993 398 3028 ut
414 2988 523 3040 ipsos
540 2990 699 3028 laudare
715 2991 904 3038 solerent;
929 2991 995 3029 sed
1013 2989 1149 3036 eidem,
1169 3000 1259 3026 cum
1275 3001 1397 3027 unum
1413 2988 1655 3038 eundemque
1671 2992 1871 3026 auctorem
1886 2985 2039 3037 longius
2082 2987 2085 2991 '
