2138 3386
798 241 1086 285 ...13-

234 364 396 415 Quanin
421 377 464 404 re
494 365 637 414 miror,
661 364 766 415 quod
784 363 975 413 Roesiger
1006 375 1054 402 ne
1084 362 1179 402 illud
1211 362 1371 413 quidem
1401 361 1545 402 diserte
1576 361 1791 411 constituit,

93 449 301 489 quousque
329 436 493 486 vestigia
513 435 671 475 Duridis
695 435 889 486 pertinere
910 434 1018 482 velit;
1051 434 1089 472 id
1112 438 1266 473 tantum
1287 433 1433 472 indicat
1464 434 1555 473 inde
1575 448 1598 474 a
1618 447 1705 486 cap.
1738 437 1790 476 18

90 508 250 550 Duridis
268 501 493 561 εἚλληνικὰ
525 506 773 558 singulariter
805 505 1003 559 exscripta
1033 518 1134 545 esse.
1196 504 1342 543 verum
1373 510 1527 555 praeter
1558 506 1635 546 duo
1666 507 1792 546 frusta

87 580 285 632 ‚maedam
304 592 363 633 ex
393 591 441 618 eo
472 579 682 629 desumpta
712 590 910 628 nusquam
941 576 1099 617 Duridis
1129 575 1318 616 indicium
1350 576 1512 615 inveniri
1544 582 1685 627 potest.

99 655 104 691 ζ
147 670 203 690 Ἧι-
224 650 347 700 Nam,
374 655 430 691 ,ut>
452 650 529 690 hoe
553 649 813 702 praemittam,
846 661 895 688 ne
923 649 997 688 fide
1019 647 1174 699 quidem
1198 647 1262 687 hic
1283 647 1495 686 Plutarcho
1517 647 1689 687 veritatis
1713 654 1790 688 stu-

83 722 315 766 diosissimo
335 735 380 763 se
400 721 706 770 commendavit;
729 733 932 771 nunquam
953 720 1080 768 laude,
1105 732 1223 770 saepe
1239 718 1472 770 gravissima
1485 719 1791 770 reprehensione

87 799 180 836 eum
209 793 342 843 afficit,
374 794 479 834 velut
510 793 594 833 eius
625 793 742 832 fidem
776 792 814 832 in
843 791 1008 832 dubium
1038 795 1151 830 vocat
1172 790 1311 832 Pericl.
1336 792 1390 832 28
1420 790 1481 840 (C.
1504 790 1656 838 Miiller,
1680 791 1726 833 fr.
1748 791 1786 831 h.

84 864 219 907 Gau
239 865 285 906 fr.
311 865 404 913 fio),
437 864 563 905 Alcib.
595 866 648 905 32
678 863 739 912 (fr.
770 862 857 912 64),
900 876 948 902 ex
980 875 1144 902 numero
1176 862 1519 902 celeberrimorum
1550 861 1789 913 scriptorum

83 949 178 978 eum
198 936 379 977 ,excludit
408 935 612 980 Demosth.
649 937 700 975 23
735 935 796 983 (fr.
832 935 888 983 9),
927 934 967 974 in
998 933 1128 974 medio
1158 933 1355 984 relinquit,
1395 947 1492 973 num
1523 946 1614 973 vera
1645 933 1788 974 habeat

85 1008 367 1050 nemesin-‚49
386 1007 452 1056 (fr.
477 1007 533 1055 6),
552 1019 755 1058 nusquam
776 1019 867 1046 eum
889 1006 1031 1053 solum,
1055 1005 1124 1044 sed
1145 1018 1224 1045 una
1246 1018 1337 1044 cum
1358 1005 1446 1044 fidis
1469 1010 1506 1044 et
1527 1005 1644 1044 certis
1667 1005 1788 1056 scrip-

82 1079 237 1121 toribus
266 1083 408 1119 testem
438 1079 550 1118 affert
580 1078 708 1126 (Alex.
745 1080 796 1118 15
831 1078 877 1118 fr.
914 1079 965 1117 10
999 1082 1037 1116 et
1067 1076 1182 1116 Alex.
1206 1078 1260 1116 46
1290 1076 1335 1115 fr.
1362 1076 1444 1124 18),
1477 1076 1554 1116 nisi
1586 1076 1625 1115 in
1657 1090 1788 1116 narra-

86 1149 277 1192 tiuueulis
291 1149 451 1192 levioris
477 1154 594 1189 notae
615 1149 677 1198 (fr.
699 1151 766 1198 22,
791 1150 860 1197 63,
885 1148 970 1195 65).
1019 1147 1062 1187 Si
1083 1160 1173 1187 vero
1197 1147 1451 1198 quaesiveris,
1485 1148 1646 1187 ubinam
1676 1149 1789 1199 largi-

82 1234 201 1265 ntem}
209 1221 416 1276 materiam
431 1220 644 1260 Plutarcho
667 1220 902 1272 praebuerit,
924 1219 1043 1261 etiam
1060 1219 1206 1259 clarius
1223 1219 1440 1270 perspicies
1457 1219 1562 1258 hunc
1580 1232 1647 1258 eos
1662 1219 1789 1259 fontes

84 1291 350 1337 miroiudicio
369 1291 631 1342 indagavisse,
655 1305 702 1332 ex
724 1291 867 1343 quibus
890 1304 1010 1342 quam
1031 1290 1272 1341 laetissimos
1295 1291 1446 1330 fructus
1469 1295 1638 1342 caperet.
1686 1290 1787 1330 Nam

84 1376 137 1405 ne
159 1364 375 1407 de2Pe1-icl.
407 1364 487 1404 vita
516 1368 714 1416 repetam,
757 1364 861 1415 quod
893 1377 1015 1415 supra
1045 1361 1281 1410 memoravi,
1315 1361 1356 1401 in
1386 1361 1513 1415 Alcib.
1546 1361 1664 1411 Ages.
1698 1361 1787 1412 Lys.

79 1435 185 1485 sitis,
206 1436 348 1488 'quoad
367 1436 418 1476 ad
438 1435 654 1477 Alcibiadis
676 1449 739 1475 res
763 1440 954 1487 spectant,
986 1434 1176 1474 Duridem
1196 1433 1391 1482 delibavit,
1425 1433 1531 1484 quod
1563 1433 1596 1472 is
1624 1446 1668 1472 se
1688 1432 1790 1472 Alci-

80 1505 210 1550 biudis
240 1511 426 1558 nepotem
455 1519 547 1547 esse
577 1506 766 1556 gloriatus
799 1511 894 1546 erat.
949 1506 1098 1547 Contra
1132 1506 1181 1545 ad
1202 1505 1314 1545 Alex,
1349 1505 1461 1545 Eum.
1485 1505 1656 1544 Demetr.
1689 1505 1789 1544 vitas

79 1577 145 1621 vix
165 1577 383 1629 ,praecipue
413 1577 612 1619 adhibitus
634 1583 706 1626 est,
740 1578 845 1629 quod
866 1577 1029 1617 Nitsche
1038 1574 1068 1626 ¹)
1096 1577 1144 1616 de
1165 1577 1340 1616 Eumene
1370 1582 1409 1616 et
1439 1576 1652 1624 Demetrio,
1685 1576 1783 1616 Alfr.

81 1645 359 1698 Schoene')
383 1649 439 1690 de
468 1648 694 1689 Alexandro
727 1649 1008 1700 comprobavit.
1368 1663 1370 1665 ’

221 1720 362 1772 Neque
392 1734 439 1760 eo
470 1720 591 1761 Duris
622 1720 789 1771 gratiam
816 1720 1018 1760 Plutarchi
1051 1719 1125 1760 sibi
1156 1719 1390 1768 conciliavit,
1433 1720 1538 1770 quod
1570 1733 1593 1759 a
1625 1717 1787 1759 laudati-

80 1790 229 1832 onibus*
253 1791 370 1842 longe
398 1791 550 1833 afuisse
579 1791 752 1839 videtur3
784 1805 879 1831 nam
909 1791 1014 1830 idem
1044 1790 1207 1831 Nitsche
1239 1804 1276 1842 p.
1313 1792 1365 1830 30
1399 1791 1498 1830 bene
1530 1791 1732 1842 perspexit
1764 1805 1787 1830 a

80 1862 226 1903 Duride
251 1862 440 1910 Eumenis
471 1862 640 1914 effigiem
672 1862 790 1912 (Plut.
813 1863 926 1902 Eum.
953 1863 994 1911 2)
1026 1862 1251 1903 taetriorem
1283 1862 1420 1902 fictam
1451 1875 1540 1902 esse
1571 1868 1689 1914 atque
1721 1863 1785 1902 ab·

79 1933 304 1975 horrentem
334 1947 358 1974 a
387 1934 541 1985 reliqua
570 1934 807 1974 narratione.
873 1934 987 1974 Certe
1017 1933 1134 1984 igitur
1164 1933 1413 1982 Plutarchus,
1448 1947 1566 1985 quem
1597 1934 1786 1973 invidiose

79 2005 184 2046 dicta
198 1999 244 2045 οἷ)
258 2004 359 2045 πάνυ
373 2002 591 2059 προθὺμως
610 2006 820 2046 admisisse
841 2019 889 2046 ex
906 2005 1006 2046 Cim.
1025 2005 1091 2046 vit.
1107 2019 1140 2046 c.
1156 2007 1180 2046 2
1198 2005 1392 2054 novimus,
1411 2019 1490 2045 non
1507 2005 1656 2055 habuit,
1680 2007 1785 2057 quod

78 2090 126 2118 eo
155 2076 198 2118 in
217 2077 420 2119 Demosth.
443 2077 521 2118 vita
537 2082 757 2128 ‚tamquam
788 2077 976 2129 primario
1007 2078 1114 2119 fonte
1144 2083 1329 2118 uteretur.
1383 2078 1487 2118 Nam
1517 2078 1647 2127 etiam,
1681 2078 1786 2130 quie·

79 2147 171 2200 quid
201 2148 253 2188 de
279 2147 587 2188 Atheniensibus
619 2149 668 2188 ab
699 2161 746 2188 eo
779 2148 970 2200 scriptum
1001 2154 1170 2189 aetatem
1201 2148 1301 2197 tulit,
1342 2162 1436 2200 prae
1468 2162 1511 2188 se
1542 2149 1616 2188 fert
1647 2162 1785 2189 eorum

78 2219 213 2263 odium
233 2219 296 2269 (fr.
322 2221 388 2269 30,
413 2220 499 2270 60),
532 2225 570 2260 et
600 2221 648 2260 de
668 2220 934 2260 Demosthene
962 2220 1077 2261 unico
1110 2222 1214 2272 quod
1246 2226 1376 2260 exstat
1406 2221 1625 2271 fragmento
1650 2223 1701 2261 21
1729 2242 1781 2248 —

77 2290 184 2342 quod
213 2290 256 2331 in
286 2290 407 2332 vitam
436 2305 516 2332 non
545 2292 739 2332 insertum
760 2305 848 2332 esse
878 2293 1126 2332 vehementer
1147 2291 1314 2342 mireris,
1349 2305 1440 2331 eum
1460 2292 1708 2342 Plutarchus,
1742 2298 1784 2333 ut

78 2361 291 2413 Roesigero
322 2363 488 2413 videtur,
521 2377 612 2403 eum
643 2364 691 2403 ad
714 2363 876 2402 verbum
897 2363 1213 2415 transscripserit
1237 2383 1303 2413 —,
1327 2376 1491 2415 prorsus
1513 2364 1712 2403 diversum
1733 2365 1783 2404 ab

78 2445 128 2476 eo,
155 2433 204 2474 de
232 2433 498 2475 Demosthene
529 2435 712 2475 audimus
744 2440 862 2486 atque
893 2449 916 2474 a
948 2436 1151 2475 laudatore
1182 2440 1406 2486 exspectes:
1441 2429 1472 2487 ᾧ
1503 2433 1547 2473 τὸ
1576 2428 1677 2488 ἱερὸν
1708 2439 1782 2488 πῦρ

77 2497 150 2542 οὐκ
180 2498 268 2559 ἐξῆν
298 2509 479 2560 φυσῆσαι.
530 2500 696 2559 Τίμαιος
726 2500 765 2545 ἐν
796 2501 848 2560 λη
880 2500 1083 2558 Ἱστοριῶν,
1117 2500 1171 2550 ὡς
1202 2498 1238 2543 οἱ
1268 2504 1354 2558 περὶ
1375 2500 1649 2560 Δημοκλείδην
1679 2506 1782 2545 κατὰ

76 2569 347 2630 Δημοχάρους
374 2571 490 2627 εἶπον,
523 2572 579 2617 ὅτι
609 2578 715 2631 μόνῳ
737 2571 841 2630 αὐτῷ
862 2576 1015 2616 πάντων
1035 2572 1264 2632 Ἀθηναίων
1291 2570 1364 2616 οὐκ
1385 2573 1503 2622 ἔξεστι
1523 2576 1566 2616 τὸ
1587 2571 1688 2631 ἱερὸν
1708 2580 1782 2630 πῦρ

76 2650 265 2702 φυσῆσαι,
297 2641 352 2692 ὡς
383 2646 438 2702 μὴ
470 2646 733 2701 καθαρεῦοντι
762 2651 842 2694 τοῖς
873 2644 953 2688 ἄνω
985 2649 1127 2704 μέρεσι.
1188 2643 1327 2702 Δοῦρις
1358 2643 1391 2686 δ’
1421 2642 1460 2688 ἐν
1490 2651 1538 2702 τῇ
1571 2647 1582 2687 ί
1614 2643 1781 2688 Πυθέαν

75 2716 180 2758 κατὰ
208 2713 490 2774 Δημοσθένους
519 2719 563 2759 τὸ
595 2715 727 2773 ὅμοιον
758 2714 885 2759 εἰπεῖν.

218 2833 247 2881 ¹)
264 2834 447 2872 Nitsche
465 2833 592 2881 ‘Konig
609 2835 772 2882 Philipps
790 2835 888 2872 Brief
909 2848 957 2872 an
983 2837 1017 2873 d.
1041 2836 1214 2880 Athener,
1241 2849 1275 2873 u.
1301 2837 1543 2884 Hieronymus
1569 2850 1602 2875 v.
1620 2837 1777 2881 Kardia·‚

74 2893 174 2940 Prgr.
199 2895 262 2931 des
286 2895 568 2941 Sophiengymn.
595 2895 716 2930 Berlin
743 2895 846 2930 1876.

216 2952 246 2998 ς)
274 2955 316 2991 A.
343 2955 545 2991 Schoene
575 2953 630 2990 ‘de
665 2966 787 2991 rerum
812 2955 1009 2991 Alexandri
1035 2955 1080 2991 M.
1114 2955 1347 3002 scriptorum,
1380 2956 1545 3003 inprimis
1572 2958 1716 2994 Arriani
1742 2962 1777 2995 et

75 3011 259 3050 Plutarchi
284 3011 456 3050 fontibus’
480 3014 656 3051 Analecta
681 3014 922 3062 philol.-hist.,
949 3014 1046 3065 Lips.
1075 3015 1177 3054 1870.
