2138 3386
1057 212 1314 258 ..8.-

484 333 534 375 At
556 334 655 374 falsa
676 334 994 386 interpretatione
1015 335 1232 384 verborum,
1266 347 1364 386 quae
1386 333 1502 374 modo
1525 332 1647 383 attuli,
1680 332 1944 375 diversitatem
1967 331 2024 374 in·

344 405 511 454 dagasse
543 418 585 444 se
616 405 759 453 credit3
793 405 1064 456 interpretatur
1090 406 1199 454 ⁴enim
1229 405 1304 446 nisi
1336 406 1448 446 fallor
1480 405 1711 456 particulam
1737 399 1820 443 ἐπεὶ
1842 416 1896 441 =
1917 417 2022 452 nam,

345 479 382 515 et
413 476 529 514 verba
550 479 602 526 τῷ
625 473 694 527 βίῳ
715 473 900 529 παρῆλθε
924 489 976 511 =
1001 482 1199 527 superstes
1221 476 1442 527 aequalium
1462 481 1661 516 oratorum
1681 481 1775 522 erat,
1806 489 1851 515 eo
1872 474 2024 524 facilius

347 545 387 585 in
418 559 591 585 errorem
621 547 774 594 ductus,
808 548 910 597 quod
942 547 981 586 in
1013 560 1098 598 cap.
1135 549 1185 588 13
1219 552 1255 587 et
1289 547 1341 587 14
1372 560 1435 586 res
1466 547 1669 587 continuas
1699 547 1832 587 referri
1863 558 1943 586 non
1970 545 2026 586 in·

347 615 505 656 tellexit.
555 617 631 657 Sed
662 631 786 657 nexus
819 618 1099 657 sententiarum
1121 631 1152 658 c.
1179 620 1230 660 13
1254 622 1349 657 extr.
1374 631 1406 657 c.
1434 618 1486 658 14
1508 617 1590 656 init.
1613 617 1676 657 hic
1706 622 1782 657 est:
1815 616 2024 657 Panaetius
2068 630 2070 633 ’

344 687 448 727 laudi
467 687 602 727 tribuit
623 688 887 736 Demostheni,
922 690 1024 738 quod
1055 689 1138 728 eius
1170 689 1364 728 orationes
1393 689 1447 728 ita
1469 689 1674 739 pleraeque
1694 688 1862 739 scriptae
1881 691 2024 736 essent,

347 763 390 797 ut
423 759 549 798 solam
580 772 648 809 per
687 773 728 798 se
766 759 1009 798 honestatem
1041 760 1296 810 expetendam
1333 772 1425 818 esse·
1457 772 1546 798 eum
1577 759 1777 799 censuisse
1808 762 2025 810 appareret,

350 841 518 879 eumque
549 834 585 868 et
617 829 764 868 civibus
798 829 879 868 suis
910 830 1139 868 antecellere
1160 830 1355 870 iubentem
1377 843 1444 869 eos
1464 829 1658 870 honestati
1679 835 1716 870 et
1736 830 1865 869 decori
1887 829 2028 870 securi·

346 904 467 939 tatem
490 900 733 950 salutemque
756 905 1001 950 postponere.
1051 900 1122 940 Cui
1144 906 1463 951 argumentorum
1481 901 1739 951 praestantiae
1754 905 1792 941 et
1807 900 2028 941 orationum

347 969 539 1008 nobilitati
572 969 604 1008 si
636 970 820 1009 fortitudo
853 983 1007 1021 quoque
1046 971 1185 1010 bellica
1225 972 1341 1022 inque
1372 973 1520 1022 agendo
1552 972 1750 1022 integritas
1782 970 2025 1019 accessisset,
2067 1004 2068 1010 ,

350 1053 440 1079 eum
471 1053 550 1079 non
581 1040 621 1079 in
653 1053 815 1080 numero
848 1041 1082 1091 aequalium,
1118 1043 1182 1081 sed
1215 1042 1253 1082 in
1287 1043 1484 1093 superiore
1500 1044 1586 1081 loco
1608 1055 1698 1082 cum
1719 1042 1892 1090 Cimone,
1925 1041 2028 1081 Thu·

345 1110 491 1161 cydide‚
533 1111 682 1151 Pericle
713 1112 986 1151 collocandum
1017 1112 1151 1152 fuisse.
1213 1113 1341 1164 Atque
1372 1114 1612 1168 Phocionem
1643 1113 1800 1163 quidem
1829 1112 1891 1152 his
1922 1112 2028 1152 nobi·

345 1181 510 1220 lissimis
533 1181 691 1220 Graecis
719 1182 870 1221 virtutis
903 1183 1017 1222 laude
1048 1196 1126 1221 non
1159 1185 1305 1232 cedere,
1338 1184 1642 1223 Demosthenem
1672 1188 1803 1224 autem
1832 1195 1959 1234 neque
1988 1182 2029 1223 in

345 1252 466 1291 armis
498 1251 594 1291 satis
626 1253 827 1291 laudatum
858 1266 983 1303 neque
1015 1254 1199 1293 adversus
1232 1256 1473 1306 corruptelas
1505 1268 1711 1294 munerum
1742 1254 1837 1294 satis
1859 1253 2029 1304 undique

348 1322 555 1371 munitum,
589 1323 833 1373 praeclarum
867 1324 1022 1374 quidem
1055 1325 1295 1364 laudatorem
1325 1324 1521 1373 virtutum,
1562 1325 1703 1375 quibus
1735 1324 1903 1364 maiores
1934 1323 2029 1364 clari

347 1393 437 1432 facti
469 1398 612 1441 essent,
647 1394 780 1442 fuisse,
815 1395 881 1434 sed
911 1408 976 1434 eas
998 1394 1185 1434 imitando
1206 1396 1300 1435 nihil
1323 1396 1503 1435 valuisse.
1556 1396 1659 1435 Tum
1679 1395 1820 1446 pergit:
1855 1392 2028 1442 Quam·

347 1477 490 1514 quam
522 1463 727 1512 (ceterum)
747 1465 810 1512 (cf.
833 1464 1094 1516 Wyttenbach
1117 1467 1190 1506 lex.
1209 1467 1327 1514 Plut.)
1350 1467 1579 1517 aequales
1611 1470 1844 1506 oratores
1877 1463 2030 1513 (Phoci-

345 1548 463 1574 onem
492 1533 661 1585 excipio)
690 1535 821 1575 vitae
843 1549 1041 1586 quoque
1063 1538 1211 1576 laude
1232 1538 1373 1585 vicit,
1408 1538 1487 1576 sive
1507 1542 1550 1576 ut
1571 1537 1749 1588 pluribus
1771 1535 1896 1575 verbis
1916 1535 2030 1574 inter-

347 1610 491 1657 preter:
524 1618 603 1644 non
627 1606 755 1645 solum
777 1606 1016 1646 orationibus
1040 1607 1089 1656 (c.
1117 1609 1167 1648 13
1191 1608 1304 1655 extr.)
1337 1608 1565 1658 aequalibus
1587 1607 1791 1659 praestitit,
1824 1607 1893 1646 sed
1914 1605 2032 1646 etiam

346 1676 434 1715 vita.
483 1675 661 1724 Quocum
683 1676 833 1726 egregie
855 1677 1098 1726 conveniunt,
1132 1691 1232 1729 quae
1262 1679 1310 1718 ab
1338 1678 1425 1718 aliis
1457 1678 1712 1729 scriptoribus
1733 1678 1781 1717 de
1802 1675 2030 1728 aequalibus

347 1746 567 1786 oratoribus
606 1753 975 1787 commemorantur.
1039 1749 1138 1798 Ergo
1180 1749 1254 1787 hoc
1294 1750 1379 1788 loco
1417 1749 1619 1788 diversitas
1657 1747 1787 1788 iudicii
1818 1752 1878 1787 est
1907 1746 2028 1786 nulla.

347 1817 482 1868 Neque
498 1817 679 1867 intellego
697 1818 887 1868 equidem,
907 1820 1101 1869 quomodo
1115 1833 1251 1859 voces:
1270 1814 1367 1858 ὥστε
1382 1817 1675 1871 θεραπεὺεσθαι
1690 1813 1764 1857 ὑπὸ
1780 1820 1845 1856 τοῦ
1860 1813 2032 1870 μεγάλου

348 1884 536 1939 βασιλέως
565 1901 597 1927 c.
624 1891 676 1930 12
700 1894 737 1928 et
767 1875 828 1940 τῷ
847 1885 881 1925 δ’
914 1885 1066 1927 ἄνωθεν
1093 1884 1138 1927 ἐκ
1158 1884 1311 1928 Σοὺσων
1341 1900 1378 1927 κ.
1402 1885 1649 1941 Ἐκβατάνων
1678 1884 1856 1939 ἐπιβατὸς
1885 1880 2033 1941 χρυσίῳ

346 1968 384 1996 κ.
414 1955 783 2010 κατακεκλυσμένος
814 1972 845 1999 c.
883 1958 936 2001 14
967 1961 1065 1999 inter
1097 1975 1139 2000 se
1170 1966 1385 2012 repugnent
1416 1961 1586 2011 (Roesig.
1619 1975 1656 2012 p.
1691 1960 1775 2007 41).

489 2029 602 2069 Nunc
643 2029 760 2069 etiam
797 2030 922 2080 magis
962 2013 1212 2082 perspicuum
1243 2045 1330 2071 esse
1363 2037 1454 2082 puto
1501 2045 1579 2071 non
1617 2030 1807 2080 Magnetis
1843 2029 1910 2069 illo
1947 2029 2033 2068 loco

350 2099 620 2139 testimonium
652 2100 791 2145 afferri,
824 2103 892 2140 sed
924 2101 1006 2140 eius
1039 2102 1103 2152 qui
1135 2103 1387 2141 Demostheni
1419 2101 1591 2152 aequalis
1623 2106 1716 2149 erat,
1749 2099 1937 2147 Phalerei,
1970 2099 2032 2139 cui

353 2170 567 2210 sententiae
599 2171 852 2210 Schaeferum
883 2185 1039 2222 quoque
1071 2163 1251 2212 assentiri
1282 2173 1390 2211 video
1424 2173 1549 2221 (Dem.
1582 2185 1620 2213 u.
1645 2185 1677 2213 s,
1701 2171 1811 2211 Z.111
1846 2172 1881 2218 1,
1917 2170 2030 2218 135).

488 2242 622 2293 Itaque
653 2242 838 2293 quoniam
873 2244 1060 2293 probasse
1092 2257 1154 2282 me
1186 2245 1312 2291 credo,
1354 2244 1428 2282 hoc
1466 2255 1582 2294 quem
1619 2247 1832 2282 tractamus
1868 2242 1954 2280 loco
1985 2241 2032 2281 de

347 2312 525 2362 Magnete
556 2313 717 2363 cogitari
748 2327 825 2353 non
858 2327 986 2364 posse,
1021 2319 1057 2353 et
1087 2319 1237 2354 tantum
1258 2315 1407 2362 abesse,
1440 2319 1482 2353 ut
1503 2314 1603 2352 Plut.
1637 2325 1772 2351 secum
1802 2316 1958 2363 pugnet,
1990 2315 2033 2350 ut

348 2387 485 2422 contra
523 2389 751 2433 argumento
793 2398 863 2434 par
899 2384 961 2432 sit,
1007 2386 1260 2435 supersedere
1297 2397 1462 2435 possum
1498 2397 1618 2434 opera
1657 2382 1877 2434 explicandi
1916 2382 2033 2421 verba

350 2453 402 2501 (c.
438 2455 489 2494 27
524 2454 638 2501 extr.)
671 2459 774 2493 certe
805 2468 851 2493 ex
883 2455 1059 2504 Magnete
1090 2456 1297 2505 desumpta
1327 2454 1628 2502 benevolentiae,
1670 2467 1748 2493 non
1778 2452 2030 2502 malignitatis

351 2525 538 2563 adversus
559 2525 863 2564 Demosthenem
897 2525 1006 2575 signa
1033 2539 1125 2576 prae
1157 2539 1198 2564 se
1230 2526 1339 2564 ferre.
1386 2525 1514 2575 Atque
1544 2537 1635 2564 cum
1665 2538 1712 2564 ex
1744 2523 1902 2575 reliquis
1933 2522 2030 2561 locis

350 2606 382 2633 c.
410 2596 460 2634 15
485 2594 540 2642 [et
563 2595 634 2642 30]
657 2595 752 2634 nihil
785 2596 833 2634 ad
864 2596 965 2635 hanc
987 2610 1070 2635 rem
1092 2596 1354 2646 proficiamus,
1389 2596 1495 2634 nullo
1527 2596 1613 2634 loco
1642 2595 1822 2634 simultas
1842 2592 2031 2642 Magnetis

349 2665 535 2703 adversus
567 2665 870 2705 Demosthenem
903 2664 1115 2717 apparet¹)‚
1148 2665 1424 2716 Roesigerique
1457 2665 1647 2705 sententia
1676 2656 1869 2705 reicienda
1899 2667 1970 2702 est.

490 2777 520 2822 1)
547 2779 694 2815 Accedit
725 2781 820 2824 quod
847 2780 1022 2823 Panaetii,
1061 2792 1169 2825 quam
1203 2792 1230 2815 c.
1259 2780 1302 2814 13
1328 2780 1440 2822 affert,
1473 2779 1659 2821 sententia,
1695 2777 1725 2813 si
1755 2777 1850 2822 apud
1874 2777 2030 2812 Demetr.

349 2836 466 2882 Magn.
491 2838 705 2874 Plutarchus
730 2850 810 2874 eam
834 2838 1037 2881 invenisset,
1074 2840 1170 2884 quod
1195 2840 1339 2883 quidem
1363 2839 1556 2884 Roesigero
1581 2837 1731 2879 videtur,
1764 2836 1862 2871 hunc
1885 2845 2032 2870 monere

350 2895 476 2939 potuit,
502 2900 541 2931 ut
566 2897 667 2932 illam
691 2898 883 2933 simultatis
909 2898 1116 2943 opinionem
1143 2898 1260 2932 valere
1284 2898 1442 2942 juberet3
1467 2908 1552 2932 nam
1577 2897 1660 2942 quid
1687 2895 1803 2935 maius
1827 2894 1866 2933 in
1889 2894 2031 2933 taudem

349 2954 602 2989 Demosthenis
628 2955 697 2990 dici
725 2959 853 3001 potest,
880 2968 989 3001 quam
1016 2957 1111 3000 quod
1138 2956 1328 2992 Panaetius
1353 2953 1587 3000 pronuntiat?
