2138 3386
1080 244 1406 289 -24--.

376 362 508 415 stirpis
539 363 627 416 ipsa
657 365 735 406 vita
766 367 1010 418 praebentur,
1045 369 1146 420 quod
1175 367 1416 420 singulorum
1437 368 1610 421 capitum
1630 368 1916 412 examinatione
1928 369 2052 414 >etiam

376 435 520 474 clarius
552 435 634 475 fore
666 451 794 488 spero,
843 439 943 488 Quid
975 441 1077 491 quod
1091 453 1177 480 ⁴non
1198 440 1421 481 incredibile
1443 446 1501 480 est
1520 442 2055 495 Pseudoplutarcheamiquo·

377 519 450 556 que
480 507 755 548 Demosthenis
787 510 906 550 vitam
936 512 984 550 ad
1015 513 1132 551 talem
1166 512 1327 562 stirpem
1357 513 1615 553 revocandam
1645 526 1744 557 esse.

516 579 623 618 Haec
664 580 742 619 fere
781 581 828 620 de
861 582 980 632 stirpe
1010 583 1173 622 dicenda
1202 587 1323 622 erant.
1386 582 1494 630 Quae
1523 588 1567 623 ut
1596 584 1808 634 reticerem,
1841 598 1864 626 a
1888 598 1957 626 me
1979 585 2055 626 im·

377 653 529 700 petrare
559 663 638 689 non
669 651 788 701 potui,
823 665 1060 703 quamquam
1092 652 1219 703 Satyri
1249 666 1392 692 nomen
1423 653 1549 694 adhuc
1571 667 1666 694 sane
1694 655 1906 697 obscurum
1933 656 2056 697 fuisse

374 719 479 759 haud
510 720 657 770 ignoro,
709 722 842 772 Neque
874 723 977 762 enim
999 724 1091 763 utile
1123 737 1209 763 esse
1231 724 1423 772 existimo,
1457 738 1555 775 quae
1575 725 1671 764 mihi
1691 725 1756 767 diu
1776 739 1822 767 ac
1841 726 2054 778 diligenter,

377 796 420 830 ut
452 805 569 842 quem
602 793 831 843 scriptorem
854 795 1082 846 Hermippo,
1115 795 1309 843 Aristone,
1342 796 1598 836 Eratosthene
1629 797 1752 837 aetat‘e
1782 797 1975 839 minorem
2002 798 2056 838 in·

377 863 622 913 vestigarem,
653 863 838 903 historias
872 866 1131 915 perscrutanti
1162 866 1331 906 invenire
1363 867 1534 916 contigit,
1569 880 1729 918 prorsus
1761 867 1947 911 abicere.z.

384 955 393 975 ⁴
517 933 717 973 Iam‘vero
749 935 1023 985 explicandum
1055 936 1137 984 erit,
1171 950 1258 976 cur
1290 937 1386 976 alios
1407 937 1567 988 insuper
1590 938 1799 988 scriptores
1821 939 2057 987 adhibuisse,

377 1004 515 1043 deinde
546 1017 663 1055 quos
695 1006 909 1046 contulisse
939 1007 1123 1047 videatur.

518 1075 646 1126 Atque
674 1077 871 1116 neminem
898 1078 994 1127 fugit
1024 1079 1278 1118 Plutarchum
1308 1079 1348 1117 in
1369 1078 1456 1118 vitis
1477 1078 1648 1118 virorum
1669 1079 1978 1120 clarissimorum
1997 1080 2060 1119 de·

379 1146 593 1185 scribendis
625 1148 672 1186 de
703 1149 930 1188 muneribus
972 1150 1137 1200 publicis
1178 1151 1257 1189 fere
1294 1150 1391 1188 nihil
1430 1150 1546 1198 aliud,
1587 1150 1663 1189 nisi
1695 1152 1798 1201 quod
1828 1151 1953 1191 omitti
1981 1164 2061 1190 non

379 1222 524 1267 posset,
549 1219 684 1258 afferre
701 1219 859 1259 solitum
876 1234 975 1268 esse,
995 1221 1043 1260 ad
1058 1221 1228 1260 indolem
1244 1227 1375 1260 autem
1391 1231 1598 1272 moresque
1614 1221 1866 1261 illustrandos
1882 1221 2061 1272 plurimis

378 1288 505 1327 verbis
537 1302 654 1327 usum
685 1302 771 1328 esse
802 1295 839 1329 et
870 1291 1180 1331 narratiunculas
1203 1292 1401 1342 faceteque
1421 1291 1525 1331 dicta
1546 1293 1780 1340 cumulasse,
1814 1293 1919 1343 quod
1936 1291 2062 1343 ipsius

381 1358 508 1397 verbis
531 1359 657 1406 (Alex.
682 1373 714 1399 e.
737 1359 776 1408 1)
800 1361 895 1400 satis
917 1362 1146 1401 declaratur.
1194 1362 1245 1401 At
1259 1362 1378 1413 stirps
1396 1376 1529 1401 earum
1545 1375 1675 1401 rerum
1689 1363 1839 1412 largam
1858 1361 2063 1402 materiam

381 1430 569 1480 praebuit.
634 1430 712 1469 Cur
748 1431 822 1470 hac
860 1437 1064 1472 contentus
1102 1446 1180 1472 non
1222 1437 1328 1472 erat?
1389 1433 1587 1472 Plutarchi
1617 1446 1695 1472 non
1726 1437 1808 1473 erat
1838 1433 2063 1484 exemplum

383 1505 585 1550 tamquam
601 1501 738 1540 defixis
756 1502 878 1541 oculis
897 1503 1005 1554 sequi
1029 1517 1100 1542 nec
1115 1504 1209 1543 satis
1226 1502 1362 1543 habuit
1377 1503 1571 1543 audivisse
1585 1503 1889 1545 Demosthenem
1905 1503 1969 1543 his
1986 1501 2064 1543 illis

382 1571 556 1610 moribus
577 1585 692 1613 usum
716 1587 814 1621 esse,
839 1574 907 1612 sed
929 1575 1212 1622 sciscitabatur,
1235 1574 1375 1625 quibus
1397 1573 1509 1613 factis
1530 1574 1724 1623 meruerit,
1747 1578 1790 1613 ut
1810 1574 1904 1614 talia
1922 1574 2065 1615 iudicia

382 1643 430 1682 de
460 1656 505 1682 eo
536 1644 714 1685 homines
747 1646 849 1684 docti
883 1645 1108 1695 posterioris
1141 1645 1278 1685 aetatis
1310 1646 1465 1684 ferrent.
1935 1691 1938 1694 ,

521 1714 702 1755 Veritatis
734 1716 849 1764 igitur
882 1715 1008 1754 studio
1042 1716 1235 1766 impulsus
1257 1715 1351 1754 mihi
1375 1715 1529 1765 quidem
1552 1715 1600 1754 ad
1622 1714 1832 1766 scriptores
1852 1714 1978 1765 magis
1998 1728 2062 1769 res

381 1786 634 1837 respicientes
653 1787 803 1826 delatus
821 1800 908 1827 esse
930 1786 1097 1833 videtur;
1131 1786 1278 1825 accedit
1302 1787 1404 1836 quod
1426 1799 1514 1825 vero
1530 1786 1670 1825 artium
1687 1785 1905 1827 liberalium
1920 1785 2061 1832 studio,

383 1857 536 1908 penitus
569 1862 790 1896 commotus
820 1857 1088 1905 admiratione,
1122 1857 1353 1896 memoriam
1385 1858 1549 1896 condere
1579 1856 1699 1907 voluit
1729 1855 2064 1896 nobilissimorum

381 1927 634 1978 antiquitatis
652 1927 834 1966 virorum.

519 1998 665 2037 Deinde
693 1998 743 2045 si,
780 2011 899 2048 quos
928 1998 1144 2044 contulerit,
1180 1997 1275 2036 mihi
1297 1997 1504 2036 dicendum
1527 2002 1602 2044 est,
1638 1997 1778 2047 quibus
1806 2010 1854 2036 ex
1890 1996 2062 2036 fontibus

380 2082 499 2119 quam
530 2069 698 2119 plurima
727 2068 882 2108 haurire
914 2074 1047 2119 posset
1077 2069 1182 2108 haud
1212 2069 1426 2118 ignorabat.
1479 2068 1630 2106 Etenim
1662 2068 1727 2118 qui
1749 2067 1880 2118 posuit
1899 2068 2062 2107 lectores

381 2140 785 2190 praeclarissimorum
817 2140 1052 2190 scriptorum
1083 2140 1260 2179 notitiam
1292 2139 1495 2178 habituros
1526 2152 1615 2178 esse
1646 2139 1745 2186 (Nic.
1778 2151 1863 2188 cap.
1899 2137 1951 2186 1),
1985 2151 2064 2177 non

381 2210 505 2262 potuit
534 2224 612 2249 non
644 2211 729 2261 ipse
760 2211 1192 2261 interiorecognitione
1223 2210 1532 2249 clarissimorum
1562 2210 1764 2248 literarum
1794 2208 1988 2248 luminum
2008 2208 2063 2247 in-

380 2286 551 2320 structus
583 2294 681 2321 esse.

521 2352 648 2402 Atque
681 2352 851 2402 primum
883 2353 1037 2403 quidem
1060 2353 1379 2402 Theopompo
1412 2351 1499 2390 aliis
1531 2350 1569 2389 in
1601 2350 1687 2389 vitis
1720 2350 1913 2400 permulta
1937 2349 2063 2391 debet.

382 2422 509 2470 Quid?
542 2436 682 2462 eumne
714 2423 963 2473 potissimum
995 2424 1167 2463 excussit
1189 2422 1431 2473 scriptorem,
1466 2434 1580 2471 quem
1603 2424 1760 2470 propter
1782 2419 2063 2470 malignitatem

380 2506 459 2532 non
491 2494 610 2533 semel
643 2507 774 2532 severe
804 2495 1072 2545 reprehendit?
1105 2495 1152 2533 cf.
1187 2493 1353 2543 exempli
1386 2505 1506 2531 causa
1537 2492 1626 2541 Lys.
1660 2504 1692 2530 o.
1725 2492 1791 2538 30,
1825 2491 1872 2530 de
1902 2489 2060 2539 malign.

381 2564 523 2603 Herod.
550 2578 584 2614 p.
611 2566 732 2612 855a,
767 2578 935 2615 quocum
968 2570 1004 2604 et
1035 2578 1135 2615 quae
1154 2565 1312 2614 Dionys.
1336 2562 1460 2601 Halic.
1490 2562 1537 2600 de
1568 2566 1639 2600 vet.
1664 2561 1796 2612 script.
1827 2574 1931 2603 cens.
1966 2563 2003 2608 3,
2038 2562 2061 2600 3

382 2640 418 2673 et
450 2636 496 2673 de
528 2648 702 2686 compos.
736 2637 839 2675 verb.
874 2638 899 2676 4
933 2650 969 2687 p.
1005 2639 1057 2676 30
1090 2636 1182 2675 dicit
1214 2641 1248 2675 et
1282 2635 1448 2674 aliorum
1481 2645 1647 2672 censura
1679 2631 1922 2672 conveniunt.

524 2705 575 2744 At
596 2706 711 2754 Plut.,
746 2706 965 2757 ubicunque
986 2707 1071 2757 ipse
1093 2706 1250 2758 propria
1280 2718 1410 2744 rerum
1442 2703 1735 2752 investigatione
1766 2701 1907 2741 iudicio
1938 2702 2064 2741 valere

383 2789 423 2814 se
440 2776 544 2823 vidit,
562 2777 646 2826 ipse
664 2791 762 2827 quae
779 2791 802 2816 a
818 2790 907 2816 vero
922 2778 1130 2816 abhorrere
1148 2777 1220 2816 sibi
1236 2777 1454 2815 viderentur
1469 2779 1536 2814 aut
1549 2772 1764 2824 repudiavit
1782 2777 1848 2811 aut
1863 2777 2065 2822 tamquam

382 2847 430 2884 ad
462 2847 669 2885 obrussam
701 2847 844 2896 exegit;
878 2847 971 2896 quin
1002 2847 1119 2886 etiam
1149 2847 1223 2885 hoc
1255 2847 1370 2884 modo
1393 2845 1676 2884 accuratiorem
1698 2843 1908 2892 imaginem
1929 2855 2063 2881 eorum

383 2929 480 2965 quos
503 2917 722 2956 celebrabat
744 2931 785 2956 se
806 2917 1029 2962 habiturum
1054 2917 1232 2967 speravit.
1281 2917 1486 2955 Praeterea
1507 2928 1564 2979 θοι
1589 2914 1691 2964 quod
1713 2914 1775 2951 hic
1791 2910 2064 2952 Demosthenis

383 2986 556 3036 aequalis
590 2992 626 3026 et
658 2988 810 3037 ingenio
844 3001 936 3038 prae
957 2988 1139 3027 omnibus
1162 2986 1325 3036 insignis
1348 2987 1430 3033 fuit,
1463 2986 1562 3024 Plut.
1586 2985 1773 3035 pellectus
1796 2996 1884 3023 esse
1903 2983 2062 3032 videtur,
