2138 3386
1094 237 1375 284 ...44⁴

392 356 556 398 dicionis
587 349 742 408 faceret,
775 359 878 400 velut
899 361 920 408 ἓ
943 362 1011 409 61,
1044 365 1174 401 tamen
1196 365 1315 410 cavet,
1348 375 1397 401 ne
1417 362 1504 413 quis
1525 362 1614 402 illos
1636 362 1822 402 scelestos
1843 360 1950 403 solos
1969 373 2066 404 rem-

392 429 589 481 publicam
620 431 668 470 ad
700 430 862 470 exitium
891 444 1054 471 vocasse
1086 433 1227 472 credat.
1279 433 1361 471 Imo
1382 445 1471 471 vero
1494 433 1707 484 posteriore
1728 438 1836 485 parte
1866 433 2065 483 orationis,

389 500 455 539 ubi
486 500 633 540 crimen
665 501 786 540 cladis
819 516 841 541 a
871 503 1066 553 Philippo,
1099 503 1139 542 in
1170 516 1285 554 quem
1327 503 1429 543 cives
1465 503 1720 553 concitasset,
1759 507 1941 556 acceptae
1971 517 1995 544 a
2025 517 2068 563 se

390 584 569 610 amovere
600 573 742 621 studet,
774 573 879 612 illius
901 573 1183 613 criminationis
1205 587 1367 624 prorsus
1389 574 1532 614 oblitus
1554 587 1642 614 esse
1660 575 1809 615 videtur
1829 588 1876 615 ac
1896 575 2066 627 culpam,

389 655 508 692 quam
529 647 642 682 antea
663 643 702 682 in
727 644 941 694 proditores
964 645 1193 692 contulerat,
1225 658 1330 684 nunc
1352 650 1474 685 totam
1501 645 1542 685 in
1571 643 1726 699 τῦχην
1753 644 1824 684 καὶ
1854 641 2068 699 δαίμονα

387 714 583 761 demovet,
615 714 746 765 itaque
777 716 798 762 ἓ
824 717 904 754 192
928 715 984 754 sic
1016 728 1059 754 se
1090 715 1251 755 crimine
1283 716 1464 756 absolvit:
1496 713 1540 753 τὸ
1570 714 1639 768 μὲν
1668 714 1744 767 γὰρ
1773 715 1906 769 πέρας,
1937 710 1992 761 ὣς
2021 710 2069 755 ἂν

387 777 408 821 ὁ
440 780 587 836 δαίμων
617 780 812 838 βουληθῇ,
845 784 996 823 πάντων
1026 785 1198 836 γίγνεται,
1231 786 1449 834 similiter§
1475 788 1570 826 194.
1616 785 1692 826 Sed
1713 799 1803 826 cum
1824 787 2071 837 cognovisset

390 868 444 903 se,
470 855 502 894 si
525 855 702 895 fortunae
723 856 889 895 nimium
911 857 1184 906 concessisset,
1218 857 1256 897 in
1277 857 1437 897 maioris
1459 856 1686 897 temeritatis
1707 857 1854 897 crimen
1875 857 2070 898 incurrere

388 926 609 977 periclitari,
633 939 723 966 cum
739 927 830 966 huic
847 927 954 967 fatali
970 928 1193 968 necessitati
1210 928 1399 968 obsistere
1415 933 1578 968 conatus
1595 932 1710 976 esset,
1732 927 1912 980 explicat,
1927 940 2070 980 quous-

388 1009 462 1047 que
485 996 551 1036 illa
572 997 701 1037 fatalis
723 997 780 1037 vis
803 999 851 1037 ad
872 999 1052 1038 homines
1074 1000 1216 1039 valeat:
1249 1013 1340 1040 nam
1362 999 1472 1039 nihili
1494 1012 1582 1039 esse
1602 1000 1796 1039 fortunam
1819 1011 1914 1050 prae
1932 998 2070 1039 hones-

387 1072 465 1106 tate
497 1072 533 1107 et
565 1068 703 1107 officiis
735 1082 861 1120 neque
881 1069 1052 1110 maiores
1075 1070 1270 1121 sprevisse
1292 1083 1371 1118 eos,
1405 1070 1469 1121 qui
1492 1070 1647 1109 fortuna
1669 1070 1841 1120 quadam
1860 1069 1990 1110 divina
2009 1069 2071 1109 usi

386 1138 534 1177 fortiter
556 1144 772 1189 pugnantes
794 1145 960 1180 mortem
982 1141 1268 1190 occubuissent,
1291 1155 1420 1192 neque
1439 1141 1548 1192 ipsos
1571 1154 1625 1190 se,
1648 1154 1739 1180 cum
1759 1140 1935 1181 omnium
1955 1141 2070 1181 Grae-

385 1221 521 1248 corum
543 1209 760 1249 libertatern
793 1210 925 1250 tuituri
956 1213 1005 1251 ad
1028 1211 1295 1252 Chaeroneam
1316 1212 1489 1252 exissent
1510 1225 1689 1263 perverse
1709 1211 1853 1262 egisse;
1885 1224 2010 1263 neque
2029 1225 2071 1251 re

385 1293 475 1318 vera
505 1279 594 1318 illos
615 1272 876 1320 Athenienses
898 1282 994 1321 adeo
1022 1282 1099 1321 vim
1130 1284 1308 1323 fortunae
1337 1283 1571 1334 respexisse,
1603 1287 1646 1322 ut
1676 1295 1743 1322 eos
1774 1282 1841 1334 qui
1871 1282 1911 1322 in
1942 1295 2072 1334 pugna
2122 1330 2126 1335 ,

385 1350 619 1389 cecidissent
643 1364 717 1390 non
741 1352 907 1391 summis
928 1353 1142 1392 honoribus
1165 1354 1384 1404 sepelirent,
1419 1354 1486 1393 sed
1518 1353 1692 1393 eiusdem
1712 1353 1840 1393 laudis
1861 1352 2070 1405 participes

385 1421 526 1460 fecisse
569 1426 607 1460 et
643 1422 708 1472 qui
749 1427 915 1462 mortem
955 1437 1033 1463 non
1071 1424 1298 1474 effugissent
1337 1429 1375 1463 et
1421 1423 1562 1475 quibus
1609 1423 1765 1463 fortuna
1812 1423 2068 1474 pepercisset:

384 1488 556 1536 δικαίως,
588 1488 609 1530 ὃ
641 1491 709 1544 μὲν
738 1491 812 1544 γὰρ
843 1487 889 1546 ῆν
921 1488 1066 1545 ἀνδρῶν
1093 1489 1257 1544 ἀγαθῶν
1277 1490 1387 1547 ἔργον
1408 1489 1529 1533 ἅπασι
1547 1493 1776 1545 πέπρακται,
1807 1496 1864 1546 τῇ
1883 1492 2012 1548 τὺχῃ
2037 1488 2071 1532 δ’

383 1558 439 1615 ἢν
470 1558 491 1600 ὃ
522 1558 716 1614 δαίμων
747 1558 889 1616 ἔνειμεν
920 1558 1098 1608 ἑκάστοις
1127 1563 1247 1616 ταὺτη
1278 1564 1488 1618 κέχρηνται
1517 1567 1539 1612 ἓ
1573 1566 1669 1605 208.

525 1633 662 1672 Uti-am
693 1634 928 1674 Plutarchus
960 1635 1244 1686 expositionem
1277 1641 1434 1675 secutus
1466 1639 1553 1676 est?
1595 1635 1718 1680 ,Num
1747 1635 1955 1695 Aeschinis
1986 1649 2070 1687 pro-

384 1703 529 1743 ditione
559 1704 764 1744 Graeciam
792 1719 815 1744 a
835 1705 1017 1756 Philippo
1049 1706 1239 1746 devictam
1266 1720 1354 1746 esse
1384 1707 1463 1745 ullo
1495 1707 1581 1745 loco
1612 1706 1837 1746 contendit?
1884 1706 2070 1755 Quamvis

384 1774 638 1814 Demostheni
660 1777 785 1814 faveat
806 1789 974 1827 eumque
995 1776 1126 1827 ipsum
1148 1778 1196 1816 ad
1218 1790 1280 1816 res
1298 1782 1481 1827 spectans
1499 1777 1673 1816 studiose
1689 1777 1917 1826 excusserit,
1939 1782 2071 1818 tamen

385 1845 611 1895 exemplum
632 1845 809 1884 omnium
831 1846 1016 1897 sequitur,
1047 1847 1124 1898 qui,
1153 1847 1244 1898 quid
1262 1847 1409 1899 impetu
1427 1860 1496 1886 seu
1512 1847 1630 1886 animi
1648 1848 1796 1887 fervore
1811 1848 1984 1888 irritatus
1999 1848 2071 1888 De-

383 1915 610 1955 mosthenes
639 1921 791 1966 praeter
818 1930 950 1956 veram
975 1918 1243 1957 condicionem
1270 1917 1568 1968 exaggeraverit,
1606 1917 1664 1957 ira
1690 1923 1727 1958 et
1756 1917 1884 1958 studio
1910 1919 2070 1959 remotis

385 1986 628 2034 examinant3
662 1986 794 2037 itaque
823 1988 931 2027 nulla
961 1988 1040 2027 iarn
1060 2002 1102 2028 re
1122 1989 1300 2039 impediri
1321 2001 1393 2028 nos
1419 1999 1574 2037 censeo,
1607 1988 1700 2040 quin
1720 1989 1932 2029 Plutarcho
1959 1988 2027 2030 illa
2047 2004 2071 2030 a

386 2057 649 2096 Demosthene
674 2059 739 2106 18,
765 2059 845 2098 271
871 2060 1022 2109 prolata
1043 2061 1159 2099 verba
1181 2059 1341 2110 propius
1363 2060 1412 2098 ad
1432 2059 1631 2107 veritatem
1659 2060 1842 2100 accedere
1871 2060 1955 2100 visa
1985 2073 2072 2100 esse

385 2133 616 2167 statuamus.
689 2129 841 2168 Etenim
885 2130 1065 2169 absoluta
1101 2130 1308 2169 Aeschinis
1354 2143 1525 2180 suaeque
1562 2130 1740 2170 fortunae
1779 2131 2072 2182 comparatione

384 2200 421 2246 (ἓ
447 2198 695 2247 256-269)
728 2199 784 2238 sic
817 2200 1013 2239 concludit
1039 2202 1060 2248 ἓ
1085 2202 1185 2241 27οε
1219 2197 1409 2253 βοὺλομαι
1440 2197 1482 2238 δὲ
1509 2204 1583 2238 τῶν
1610 2195 1715 2239 ἰδίων
1746 2196 1990 2252 ἀπαλλαγεὶς
2019 2197 2072 2239 ἔτι

383 2269 504 2321 μικρὰ
534 2268 630 2322 πρὸς
655 2263 757 2322 ὑμᾶς
778 2265 891 2310 εἰπεῖν
912 2269 998 2322 περὶ
1018 2275 1091 2308 τῶν
1112 2275 1248 2308 κοινῶν
1272 2254 1337 2317 Ᾰ-,
1359 2265 1391 2308 εἰ
1411 2267 1453 2308 δὲ
1473 2269 1541 2308 καὶ
1561 2275 1635 2309 τῶν
1655 2266 1900 2324 μηδεπώποτ’
1916 2265 2071 2310 ἰδόντων

383 2351 432 2392 με
464 2337 564 2394 μηδὲ
595 2340 725 2395 φωνὴν
755 2336 986 2395 ἀκηκοότων
1017 2336 1112 2394 ἐμοῦ
1132 2338 1271 2379 πολλοὶ
1290 2337 1422 2379 πολλὰ
1442 2352 1478 2379 κ,
1501 2338 1604 2380 δεινὰ
1623 2339 1851 2388 πεπόνθασι,
1881 2341 1937 2396 μὴ
1957 2342 2072 2395 μόνον

382 2405 468 2448 κατ’
500 2407 632 2463 ἄνδρα,
664 2407 770 2450 ἀλλὰ
800 2423 837 2450 κ.
869 2409 1000 2456 πόλεις
1030 2407 1118 2450 ὅλαι
1147 2422 1184 2449 κ.
1215 2408 1326 2466 ἔθνη,
1356 2411 1465 2463 πόσῳ
1492 2408 1727 2463 δικαιότερον
1746 2422 1784 2451 κ.
1807 2407 2072 2467 ἀληθέστερον

382 2479 467 2534 τὴν
498 2476 728 2520 ἁπάντων
749 2477 812 2526 ὡς
842 2478 1007 2521 ἔοικεν
1038 2478 1317 2535 ἀνθρώπων
1347 2481 1502 2535 τύχην
1531 2481 1707 2535 κοινὴν
1727 2493 1764 2520 κ.
1786 2483 1945 2538 φοράν
1964 2494 2070 2522 τινα

385 2552 688 2604 πραγμάτων
718 2550 950 2606 χαλεπὴν
981 2552 1050 2591 καὶ
1080 2547 1156 2606 οὔχ
1187 2548 1271 2591 οἵαν
1301 2549 1377 2590 ἔδει
1405 2551 1547 2591 τοὺτων
1579 2547 1701 2591 αἰτίαν
1732 2548 1924 2607 ἡγεῖσθαι.

524 2623 679 2662 Similes
701 2637 816 2663 voces
838 2630 994 2664 exstant
1015 2639 1077 2676 ap.
1101 2625 1210 2664 Dem.
1237 2625 1302 2672 18,
1329 2625 1424 2672 212,
1450 2626 1546 2672 245,
1573 2625 1671 2672 287,
1704 2626 1799 2673 303,
1833 2626 1929 2673 306,
1963 2626 2068 2673 3083

384 2707 445 2743 ap.
473 2694 615 2733 Aesch.
643 2696 679 2743 3,
711 2696 805 2743 115,
839 2696 935 2744 133,
963 2698 1056 2744 155,
1084 2697 1176 2735 158.
1225 2695 1362 2734 Nonne
1391 2695 1479 2733 inde
1508 2699 1672 2745 apparet
1704 2694 1969 2743 Plutarchum,
2002 2695 2069 2746 qui

382 2763 467 2814 ipse
487 2765 535 2803 de
557 2765 712 2804 fortuna
734 2770 771 2804 et
791 2766 959 2805 oraculis
983 2767 1200 2816 singulares
1221 2765 1342 2805 libros
1366 2765 1643 2816 composuerit,
1673 2763 1806 2815 quanti
1827 2764 1923 2804 haec
1943 2764 2068 2816 ipsius

381 2834 656 2874 Demosthenis
689 2837 804 2875 verba
836 2836 1080 2876 aestimanda
1111 2842 1253 2884 essent,
1288 2841 1468 2875 accurate
1500 2834 1776 2886 perspexisse?
1795 2855 1847 2860 —

522 2906 720 2956 Pythiae
747 2907 1066 2955 vaticinatio,
1100 2920 1199 2957 quae
1216 2906 1354 2946 deinde
1371 2905 1564 2957 sequitur,
1603 2904 1696 2955 quin
1720 2918 1766 2943 ex
1794 2904 2065 2956 Theopompo,

384 2977 644 3027 oraculorum,
669 2977 702 3016 si
719 2977 795 3029 ipsi
811 2978 1020 3019 Plutarcho
1039 2979 1273 3019 credendum
1290 2982 1349 3017 est
1363 2977 1427 3027 (de
1442 2975 1552 3031 Pyth‚
1568 2988 1671 3019 orac.
1694 2974 1746 3027 7),
1765 2974 2064 3024 studiosissimo,
