2138 3386
777 229 1059 275 *45*

67 352 242 409 profecta
262 351 326 406 sit,
357 351 522 396 dubium
541 366 622 395 non
643 359 723 404 est;
755 359 958 406 praeterea
977 353 1145 405 Theop„
1173 367 1266 394 cum
1286 354 1385 407 ipsis
1406 353 1524 395 rebus
1547 354 1764 404 interesset,

65 433 203 470 auctor
233 426 599 481 praestantissimus
631 431 702 467 est.
755 426 892 478 Neque
921 438 1012 464 vero
1045 425 1154 465 solus
1186 425 1472 477 Theopompus
1501 440 1524 466 a
1553 426 1764 466 Plutarcho

63 499 114 541 ad
135 513 224 540 eam
243 512 328 540 rem
349 498 548 539 adhibitus
570 503 642 547 est,
677 498 745 538 sed
774 502 817 537 ut
838 510 939 549 quae
960 497 1227 537 additamenta
1248 497 1351 539 Plut.
1377 497 1764 538 Chaeronensis

63 571 272 612 occasione
293 570 426 611 oblata
447 570 592 622 partim
614 583 662 610 ex
694 569 912 609 domestica
943 570 1050 609 fama
1081 568 1227 619 partim
1258 568 1484 608 memoriter
1516 583 1564 608 ex
1597 569 1765 608 aliorum

63 643 255 685 librorum
275 642 442 682 lectione
463 642 614 689 (forsan
636 655 683 681 ex
700 641 846 681 Duride
867 639 972 692 ipso)
994 640 1185 692 repetivit,
1210 637 1572 691 praetermittaml),
1600 661 1646 666 —
1674 654 1764 680 nam

65 714 350 755 sententiarum
379 726 526 754 nexum
556 713 658 752 Plut.
693 725 813 764 saepe
842 712 1070 752 domesticis
1103 711 1245 752 fabulis
1277 711 1518 762 perturbavit
1554 732 1599 738 —

206 798 310 837 cap.
335 787 389 826 20
410 784 646 825 Aeschinem
670 797 826 835 quoque
847 784 894 823 de
926 784 1063 824 eadem
1093 797 1135 823 re
1165 782 1389 834 inspexisse
1420 783 1570 822 videtur
1617 796 1705 822 cun:
1731 783 1765 822 is

65 859 105 907 3,
140 858 224 899 130
245 857 352 899 haud
371 857 526 897 diversa
545 855 852 896 Demosthenem
873 868 1067 895 accusans
1094 854 1256 895 dixerit:
1289 848 1380 892 ἀλλ’
1399 847 1444 892 οὐ
1465 848 1691 906 προῦλεγον,
1722 848 1768 892 οἵ)

60 927 346 983 προεσήμαινον
375 921 468 981 ἡμῖν
498 920 534 964 οἱ
554 924 643 964 θεοὶ
669 922 935 981 φυλάξασθαι,
968 923 1159 979 μονονοὺκ
1179 920 1400 978 ἀνθρώπων
1421 924 1554 980 φωνὰς
1574 936 1767 980 προσκτη-

60 997 235 1053 σάμενοις
261 1019 311 1026 -
333 993 597 1053 Δημοσθένης
617 994 660 1036 δὲ
681 993 871 1047 ἀντέλεγε,
902 993 1129 1052 φιλιππίζειν
1149 995 1217 1050 τὴν
1238 992 1397 1035 Πυθίαν
1418 996 1592 1051 φάσκων,
1619 1007 1655 1035 κ.
1677 1008 1708 1035 τ.
1730 994 1766 1035 λ.

59 1083 232 1124 quocum
262 1071 442 1111 conferas
462 1070 564 1110 Plut.
594 1082 628 1110 e.
654 1071 707 1110 20
730 1069 813 1111 init.
837 1063 938 1123 Δημ.
968 1065 1121 1119 λέγεται
1143 1090 1195 1095 -
1220 1062 1306 1107 οὔτε
1327 1071 1524 1122 χρησμοῖς
1554 1064 1623 1107 ἐᾶν
1652 1079 1767 1121 προσ-

57 1141 162 1197 έχειν
176 1136 264 1181 οἶκε
285 1135 469 1195 μαντείας
492 1136 660 1187 ἀκουειν,
689 1136 797 1179 ἀλλὰ
817 1151 855 1179 κ.
869 1139 937 1194 τὴν
953 1135 1113 1179 Πυθίαν
1127 1134 1300 1179 ὑπονοεῖν
1316 1134 1370 1184 ὡς
1386 1137 1680 1195 φιλιππίζουσαν
1698 1162 1765 1179 -.

201 1213 338 1266 Neque
367 1226 459 1253 vero
491 1213 594 1253 Plut.
626 1213 702 1252 hoc
734 1212 888 1253 crimini
918 1212 1032 1252 vertit
1063 1212 1333 1261 Demostheni,
1367 1212 1447 1252 imo
1480 1226 1571 1252 eum
1603 1217 1766 1253 excusat

57 1285 205 1326 verbis:
236 1284 370 1339 μέχρι
385 1283 455 1338 μὲν
485 1278 550 1323 οὖν
580 1282 723 1323 τουτων
754 1279 853 1338 ἀνὴρ
884 1279 932 1338 ἦν
963 1279 1131 1334 ἀγαθός.

197 1355 345 1397 Contra
375 1355 480 1395 idem
510 1355 559 1395 de
590 1355 795 1406 ignavia
823 1356 1115 1405 Demosthenis,
1150 1369 1271 1407 quam
1302 1355 1382 1396 iam
1414 1369 1447 1396 c.
1476 1357 1528 1396 14
1551 1361 1766 1407 notaverat,

61 1440 154 1468 cum
175 1439 256 1468 non
277 1427 409 1467 solum
429 1426 600 1467 Demetr.
622 1427 734 1468 Phal.
759 1427 810 1477 (c.
838 1426 922 1476 14),
945 1427 1198 1477 Aeschinem,
1227 1428 1430 1479 Pytheam,
1465 1429 1533 1467 sed
1555 1433 1598 1468 ut
1618 1428 1769 1468 videtur

57 1497 178 1539 etiam
197 1497 501 1550 Theopompum
530 1498 821 1538 consentientes
852 1498 1026 1547 vidisset,
1060 1499 1198 1538 eadem
1219 1499 1375 1549 referre,
1410 1500 1503 1551 quin
1527 1500 1644 1539 etiam
1667 1500 1766 1552 ipsis

57 1569 373 1611 adversariorum
402 1569 531 1610 verbis
562 1570 619 1610 uti
652 1569 795 1610 veritus
828 1583 905 1610 non
938 1575 1009 1610 est.
1057 1570 1228 1621 Pytheae
1250 1571 1508 1622 opprobrium
1536 1572 1621 1611 sine
1641 1571 1761 1611 dubio

57 1654 106 1683 ex
137 1641 260 1694 stirpe
289 1642 545 1693 desumptum
576 1646 648 1691 est,
682 1642 788 1693 quod
819 1641 975 1682 collatis
1008 1641 1077 1691 eis,
1112 1655 1212 1693 quae
1236 1655 1357 1694 supra
1379 1644 1428 1683 ad
1450 1656 1483 1683 e.
1512 1645 1564 1683 14
1587 1643 1768 1695 exposita

61 1717 167 1764 sunt,
199 1713 375 1766 apertius
406 1713 483 1754 fiet.

198 1785 265 1826 De
305 1798 469 1837 pugna
509 1784 659 1825 videtur
689 1784 792 1826 Plut.
826 1785 957 1824 solum
995 1783 1301 1837 Theopompum
1343 1791 1502 1826 secutus
1545 1799 1655 1835 esse,
1698 1787 1766 1825 sed

57 1855 193 1897 omnia
223 1856 391 1898 breviter
422 1862 460 1897 et
488 1861 579 1908 apte
601 1855 842 1908 perstrinxit,
876 1855 1096 1896 doctrinam
1119 1870 1198 1896 non
1220 1857 1372 1897 iactans
1396 1857 1608 1907 (Wichers,
1642 1858 1768 1897 Theo-

58 1927 195 1980 pompi
222 1928 362 1979 fragm.
398 1950 444 1955 —
478 1941 516 1980 p.
541 1930 624 1969 258
658 1941 744 1980 sqq.
774 1933 812 1967 et
838 1928 981 1968 Muller
1010 1929 1056 1968 fr.
1093 1928 1132 1968 h.
1162 1929 1227 1969 Gr.
1261 1929 1400 1979 fragm.
1438 1930 1558 1979 262);
1592 1935 1767 1969 ceterum

58 1999 198 2041 verba:
230 1993 270 2038 ἐν
300 1998 408 2053 μέρει
437 2002 566 2053 μικρῷ
596 2002 689 2052 μιᾶς
719 1994 873 2053 ἡμέρας
904 1999 945 2039 in
965 1999 1110 2040 Aesch.
1142 2002 1181 2050 3,
1219 2002 1300 2040 148
1334 2001 1533 2041 nituntur:
1567 1995 1767 2038 Φιλίππου

58 2090 111 2098 -
145 2063 226 2109 οὔδ’
254 2065 483 2121 ἀγνοοῦντος
513 2065 569 2109 ὅτι
599 2067 685 2122 περὶ
715 2074 789 2108 τῶν
820 2063 1073 2124 ὑπαρχόντων
1105 2066 1270 2121 ἀγαθῶν
1301 2066 1349 2110 ὲν
1380 2066 1575 2126 ἡμέρας
1606 2075 1766 2125 μικρῷ

55 2138 199 2195 μέρει
238 2137 616 2195 διαγωνιεῖταιἋ
657 2142 722 2190 (cf.
765 2142 866 2182 infra
906 2143 955 2182 ad
987 2155 1020 2182 c.
1057 2145 1110 2182 22
1143 2144 1191 2183 de
1222 2144 1411 2183 vocabulo
1444 2140 1765 2198 φιλανθρώπως.)

199 2213 266 2254 De
296 2214 566 2255 Persarum
597 2213 836 2266 pecunia,
879 2219 1013 2254 utrum
1043 2215 1146 2254 Plut.
1181 2215 1346 2267 stirpem
1378 2229 1427 2255 an
1460 2215 1766 2267 Theopompum

4 2290 9 2294 '
58 2283 208 2336 adierit,
222 2285 330 2326 haud
344 2286 458 2326 facile
473 2286 600 2327 dictu:
622 2286 814 2338 stirpem?
832 2299 865 2326 c.
887 2288 953 2335 14,
972 2286 1039 2326 ubi
1056 2300 1186 2327 mores
1204 2287 1482 2327 Demosthenis
1498 2293 1764 2336 recensentur,

62 2357 200 2397 eadem
229 2370 293 2398 res
325 2358 492 2399 breviter
523 2363 882 2407 commemoratur;
915 2358 1249 2410 Theopompum?
1287 2372 1320 2399 c.
1358 2361 1410 2399 20
1444 2372 1507 2399 res
1540 2364 1673 2410 gestae
1704 2359 1766 2398 de·

60 2427 288 2480 pinguntur.
333 2429 415 2470 Illic
437 2429 554 2481 igitur
584 2443 742 2470 morum
773 2429 1039 2480 investigator,
1072 2430 1136 2470 hic
1168 2444 1256 2470 vere
1287 2430 1523 2480 historicus3
1555 2430 1687 2482 itaque
1717 2431 1765 2470 de

58 2499 320 2561 Theopompo
352 2502 625 2552 cogitabimus,
659 2501 726 2554 qui
758 2501 844 2553 ipse
874 2501 936 2542 his
967 2503 1084 2542 rebus
1107 2503 1347 2544 interfuerat.
1397 2502 1507 2550 Quae
1529 2501 1562 2541 si
1584 2501 1637 2541 ita
1660 2507 1763 2551 sunt,

57 2571 161 2614 Plut.
183 2573 302 2612 nixus
322 2573 520 2614 Demetrio
541 2574 667 2624 Phal.,
701 2573 973 2626 Theopompo,
1006 2574 1204 2614 Aeschine
1226 2574 1330 2622 (coll.
1358 2575 1395 2623 3,
1422 2575 1517 2622 157,
1545 2575 1640 2622 173,
1665 2575 1763 2622 209,

57 2637 158 2696 239,
191 2646 289 2694 244,
321 2638 426 2693 259)
463 2644 566 2684 hanc
602 2658 686 2685 rem
715 2645 971 2686 Demostheni
1002 2647 1208 2685 adversam
1239 2645 1363 2685 literis
1395 2645 1580 2685 condidit.
1628 2645 1766 2685 Demo-

59 2713 189 2755 stheni
220 2728 290 2755 cur
320 2715 383 2755 his
415 2715 455 2755 in
486 2716 604 2755 rebus
636 2729 751 2756 aures
782 2729 863 2756 non
895 2718 1130 2768 praebuerit,
1166 2731 1234 2769 per
1267 2730 1310 2757 se
1330 2716 1582 2768 intelligitur;
1616 2730 1708 2757 nam
1730 2717 1767 2756 is

50 2771 154 2826 'talia
183 2791 252 2826 aut
284 2786 440 2827 silentio
472 2787 568 2827 texit
600 2792 667 2827 aut
698 2788 951 2839 paucissimis
983 2789 1124 2840 attigit.

201 2887 232 2934 ι)
257 2889 490 2935 Perspicuum
516 2894 580 2934 est,
607 2891 703 2936 quod
729 2891 836 2927 Duris
861 2893 904 2928 de
929 2892 1066 2938 origine
1084 2892 1242 2928 nominis
1258 2890 1446 2940 Θερμώδων
1462 2893 1663 2939 explicavit,
1690 2904 1764 2928 non

59 2947 107 2984 ad
123 2948 211 2985 illud
228 2949 331 2995 prius
349 2951 545 2994 oraculum,
564 2951 662 2996 quod
679 2950 916 2997 Theopompo
933 2953 1164 2988 tribuendum
1183 2956 1247 2995 est,
1273 2957 1447 2998 spectare,
1467 2954 1528 2988 sed
1547 2954 1591 2988 ad
1612 2954 1763 2990 alterum

59 3017 105 3044 ex
128 3007 199 3045 hoc
225 3020 247 3045 a
271 3009 468 3046 Plutarcho
492 3021 522 3046 c.
551 3010 594 3044 19
621 3014 738 3046 extr.
763 3011 1005 3058 desumptum.
