2138 3386
812 246 1098 292 ...35.-

98 367 381 422 ingeniotalia'
410 369 591 412 maxime
614 372 771 411 fuerunt
801 371 971 419 absona3
1009 371 1126 422 quod,
1159 369 1316 411 etiamsi
1337 383 1415 411 non
1438 368 1524 421 ipse
1545 367 1805 420 profiteretur,

100 455 134 483 c.
150 443 191 492 3,
213 442 291 485 (28
305 446 344 482 et
365 442 418 482 11
441 447 559 494 atque
580 442 699 482 etiam
720 454 754 484 c.
781 442 833 482 15
856 446 970 490 extr„
1005 441 1039 481 si
1061 441 1287 482 etiamnunc
1307 453 1382 480 nos
1404 440 1566 490 fugeret,
1591 440 1808 480 luculenter

98 515 353 562 doceremini-3
381 526 476 553 nam
507 526 541 556 c.
573 514 596 553 8
630 512 816 553 Demetrii
846 512 958 554 Phal.
993 511 1284 564 expositionem
1314 511 1535 551 resecuisse
1566 523 1658 551 eum
1687 509 1808 552 videri

99 584 366 635 cognovimus,
399 597 434 626 c.
461 585 512 625 11
536 589 633 624 extr.
657 589 695 624 et
715 596 750 626 c.
772 585 822 624 15
848 588 947 626 extr.
976 596 1019 624 se
1040 583 1183 624 harum
1214 596 1347 623 rerum
1377 595 1451 622 nec
1482 581 1706 622 studiosum
1735 594 1809 622 nec

98 655 326 708 diligentem
353 656 488 696 ⁴fuisse
527 661 661 708 aperte
697 655 803 698 dicit.
866 655 1077 704 Quaeritur
1107 655 1244 706 igitur,
1287 654 1375 706 quis
1416 643 1555 694 auctor
1595 652 1808 692 Plutarcho

98 726 269 769 humes
299 726 504 768 literarum
534 727 720 768 scientiae
742 728 879 778 plenas
903 727 1176 778 suppeditarit.
1219 725 1348 777 Atque
1370 738 1462 765 cum
1482 724 1585 764 Plut.
1608 723 1682 764 has
1709 723 1809 770 vitas

100 798 345 851 perscripsit,
367 799 572 850 Dionys.
594 798 758 840 Halic.
782 804 820 838 et
842 798 1112 838 Caecilius
1135 797 1333 837 Calact.
1356 796 1398 836 in
1417 795 1618 836 orationes
1639 793 1811 834 clarissi-

100 875 492 912 morumoratorum
522 870 817 922 inquisiverant.
878 869 1044 910 Constat
1074 874 1206 909 autem
1238 867 1454 908 Caecilium
1486 866 1688 919 aliquanto
1720 869 1812 918 post

100 941 346 993 Dionysium,
379 941 492 982 cuius
523 940 701 992 aequalis
732 945 771 981 et
801 940 1007 980 familiaris
1041 945 1136 988 erat,
1175 940 1334 988 decem,
1376 937 1444 990 qui
1476 935 1812 989 praestantissimi

102 1019 248 1062 essent,
281 1018 472 1054 oratores
491 1026 540 1052 ex
570 1025 716 1063 magno
748 1017 951 1052 oratorum
972 1011 1193 1052 Atticorum
1215 1023 1380 1050 numero
1409 1009 1576 1060 elegisse
1597 1020 1813 1059 eorumque

103 1084 303 1125 orationes
333 1089 539 1136 tamquam
570 1097 764 1124 canonem
795 1089 832 1123 et
862 1084 1039 1133 regulam
1071 1082 1166 1122 artis
1189 1082 1384 1122 oratoriae
1405 1079 1673 1121 constituisse.
1726 1079 1813 1118 Hac

102 1169 151 1196 re
159 1156 419 1208 potissi-mum-
431 1157 595 1196 ductum
609 1156 641 1195 B
653 1169 704 1195 ur
715 1168 736 1195 c
749 1155 943 1195 khardti
956 1167 1027 1194 um
1039 1152 1069 1202 1)
1089 1167 1167 1194 non
1185 1153 1392 1194 temerarie
1406 1151 1627 1192 coniecisse
1644 1150 1814 1191 arbitror

99 1226 338 1278 ‚Dionysium
367 1240 392 1266 a
412 1226 584 1280 Caecilio
616 1226 874 1277 compilatum
902 1238 1002 1267 esse.
1051 1225 1153 1273 Quid
1185 1225 1276 1264 inde
1306 1210 1517 1264 efficitur?⁴
1547 1223 1700 1275 Nempe
1721 1222 1815 1263 Cae-

98 1298 243 1347 cilium
275 1302 522 1350 postremum
552 1298 675 1337 fuisse
706 1298 916 1346 rhetorem,
949 1297 1016 1348 qui
1038 1297 1111 1336 has
1132 1310 1196 1336 res
1218 1295 1424 1346 diligenter
1446 1295 1498 1335 sit
1519 1299 1814 1347 perscrutatus3

101 1369 356 1420 cognoscitur
376 1374 509 1410 autem
529 1369 614 1410 eius
636 1368 815 1408 doctrina
838 1368 961 1408 schol.
985 1369 1035 1408 ad
1055 1367 1198 1408 Aesch.
1222 1368 1271 1407 de
1292 1367 1380 1407 fals.
1403 1367 1518 1417 legat.
1542 1368 1581 1416 3,
1607 1367 1628 1407 1
1647 1366 1712 1416 (fr.
1734 1367 1815 1406 12b

99 1441 304 1490 Bumkh.),
335 1442 440 1481 unde
471 1454 561 1481 eum
593 1441 780 1481 Demetrii
802 1441 927 1489 Phal.,
961 1439 1169 1488 Idomenei,
1204 1438 1411 1490 Hermippi
1444 1438 1592 1490 scripta
1623 1438 1663 1478 in
1696 1450 1814 1478 suum

101 1526 220 1554 usum
240 1513 481 1555 convertisse
503 1517 679 1564 apparet.
727 1512 828 1561 Quid
845 1511 935 1551 inde
952 1511 1216 1561 colligendum
1230 1515 1247 1550 i>
1288 1510 1557 1560 Plutarchum,
1581 1510 1648 1562 qui
1666 1523 1700 1552 e.
1721 1511 1745 1550 3
1765 1509 1814 1549 ad

101 1584 323 1637 Caecilium?
348 1585 390 1624 in
421 1584 541 1624 simili
572 1598 614 1624 re
646 1584 848 1635 spectavit,
882 1584 987 1623 hunc
1020 1583 1297 1622 doctissimum
1328 1582 1457 1622 virum
1487 1582 1597 1622 hisce
1628 1582 1668 1621 in
1695 1582 1814 1621 rebus

103 1656 366 1698 consuluisse.
414 1656 550 1707 Neque
581 1655 661 1695 iam
691 1656 837 1695 mirum
868 1660 940 1704 est,
975 1656 1080 1706 quod
1103 1655 1356 1694 Idomeneum
1387 1659 1425 1694 et
1446 1654 1689 1694 Demetrium
1710 1653 1815 1703 Mag-

104 1733 247 1777 netem,
280 1728 462 1768 homines
495 1727 710 1768 Caecilium
741 1732 868 1767 aetate
898 1728 1187 1775 antecedentes,
1222 1727 1346 1766 affert.

248 1800 326 1841 Sed
347 1799 467 1840 etiam
486 1799 815 1840 reconditioribus
833 1799 987 1838 indiciis
1006 1799 1082 1838 hoc
1100 1799 1395 1849 comprobatur.
1444 1797 1547 1836 Nam
1565 1795 1818 1848 Psplutarchi

106 1870 206 1912 liber
227 1872 276 1912 de
292 1871 332 1911 X
353 1875 451 1913 orat.
475 1870 703 1922 inscriptus,
728 1870 807 1921 qui,
837 1869 871 1910 si
887 1870 1135 1909 Burckhardt
1157 1868 1212 1920 (p.
1239 1869 1290 1908 51
1316 1869 1341 1910 l.
1365 1867 1438 1915 m.)
1460 1873 1564 1908 recte
1586 1868 1815 1920 disputavit,

109 1964 157 1972 -—
174 1956 303 1995 neque
323 1947 384 1985 est
405 1955 476 1982 cur
492 1942 716 1982 dubitemus
739 1964 803 1991 -,
829 1942 988 1982 Caecilii
1010 1941 1255 1989 auctoritate,
1279 1940 1504 1990 ubicunque
1525 1941 1574 1980 de
1594 1940 1820 1980 orationum

102 2014 332 2067 spuriarum
351 2018 420 2054 aut
441 2014 700 2064 genuinarum
721 2027 885 2054 numero
908 2018 946 2053 et
966 2014 1014 2053 de
1037 2018 1242 2053 oratorum
1266 2025 1407 2062 genere
1433 2011 1587 2052 dicendi
1610 2012 1816 2062 iudicatur,

106 2085 244 2126 nititur
283 2090 402 2137 atque
437 2091 590 2137 partem
628 2087 827 2137 quandam
860 2099 908 2125 ex
940 2085 1024 2125 eius
1058 2085 1148 2124 stilo
1182 2085 1400 2135 profectam
1431 2081 1667 2134 continet²)‚
1706 2083 1817 2133 nihil,

108 2158 214 2210 quod
229 2171 252 2197 a
263 2157 476 2198 Plutarcho
490 2157 692 2207 dissideat,
715 2157 845 2206 tradit,
870 2157 963 2208 quin
980 2157 1060 2196 imo
1077 2156 1279 2196 nonnullis
1297 2156 1337 2195 in
1354 2157 1472 2195 rebus
1490 2161 1638 2196 certam
1652 2155 1821 2196 necessi·

105 2229 282 2270 tudinem
313 2229 551 2286 intercedere
581 2230 772 2273 videmus.
820 2230 1005 2279 Legimus
1039 2229 1143 2268 enim
1175 2242 1238 2280 ap.
1262 2228 1372 2279 Pspl.
1397 2230 1529 2268 8400:
1562 2221 1661 2266 εἶσὶ
1691 2224 1743 2266 δὲ
1774 2221 1825 2266 οἵ

105 2311 226 2356 φασι
255 2300 474 2354 συγγράψαι
504 2300 573 2354 μὲν
604 2299 693 2346 τοὺς
725 2295 895 2355 ῥήτορας
917 2299 1006 2345 τοὺς
1027 2297 1181 2351 λόγους,
1214 2294 1394 2352 ἐμποδὼν
1425 2297 1468 2336 δὲ
1499 2303 1713 2353 γενομένων
1744 2303 1819 2338 τῶν

104 2370 193 2426 περὶ
222 2367 462 2424 Χαιρώνειαν
493 2372 632 2426 μηκέτι
662 2372 730 2427 τὴν
762 2369 871 2427 δίκην
902 2366 1104 2411 εἰσελθεῖν.
1152 2371 1254 2420 Quid
1286 2371 1393 2411 aliud
1424 2371 1520 2411 dicit
1550 2371 1684 2411 plut?
1730 2363 1821 2410 ἀλλ’

106 2437 180 2483 οὒκ
210 2439 334 2482 ἔοικεν
364 2438 487 2488 οὕτως
517 2440 620 2498 ἔχειν
660 2439 858 2499 τάληθές,
901 2438 934 2481 εὶ
973 2440 1030 2481 δεῖ
1068 2445 1147 2488 τοῖς
1186 2441 1275 2496 περὶ
1314 2442 1504 2497 στεφάνου
1536 2441 1820 2495 γεγραμμένοις

105 2509 302 2568 ἑκατέρων
332 2511 463 2565 λόγοις
493 2514 779 2569 τεκμαίρεσθαι
808 2526 846 2554 κ.
877 2527 907 2553 τ.
940 2512 976 2553 λ.

249 2587 424 2629 Causam
463 2589 736 2628 tantummodo
774 2588 902 2636 addit,
945 2600 1067 2638 quare
1109 2587 1315 2629 Demosth.
1348 2600 1437 2626 eam
1477 2586 1698 2626 orationem
1737 2598 1819 2625 non

106 2657 295 2699 habuisse
327 2659 512 2707 videatur,
547 2673 666 2711 quam
697 2660 736 2699 in
769 2660 997 2711 opinionem
1029 2672 1120 2698 eum
1142 2659 1276 2709 ipsum
1298 2672 1378 2698 non
1407 2657 1606 2706 incidisse,
1638 2656 1818 2708 quisquis

109 2730 366 2771 Plutarchum
397 2731 515 2780 novit,
557 2733 766 2780 concedet3
806 2732 875 2772 sed
907 2745 998 2771 cum
1029 2731 1115 2782 ipse
1147 2730 1367 2770 orationem
1400 2731 1449 2770 de
1481 2743 1560 2772 cor.
1594 2741 1739 2780 magna
1770 2741 1818 2768 ex

253 2843 280 2891 1)
313 2844 470 2883 ‘Caecilii
496 2847 587 2882 rhet.
614 2847 743 2892 fragm.
770 2847 848 2883 coll.
875 2851 941 2883 etc.
960 2847 1033 2882 Th.
1052 2843 1361 2881 Burckhardt’
1386 2845 1551 2881 Basileae
1579 2844 1681 2887 1863,
1708 2855 1743 2890 p.
1762 2843 1819 2880 52.

251 2903 281 2951 2)
311 2906 439 2952 incipit
455 2910 576 2942 autem
593 2907 685 2942 haec
710 2918 804 2952 pars,
831 2911 871 2943 ut
887 2908 928 2942 B.
947 2907 1035 2949 vult,
1062 2916 1204 2951 semper
1222 2905 1341 2941 verbis
1358 2906 1509 2953 φέρονται
1526 2903 1573 2947 δὲ,
1598 2903 1819 2939 καταλέλοιπε

112 2962 148 3000 δὲ
167 2984 223 3010 -,
250 2977 322 3012 qua
339 2965 377 3001 in
394 2978 431 3001 re
448 2966 488 3002 B.
506 2966 614 3001 nimis
632 2969 735 3002 caute
753 2966 842 3012 egit;
867 2977 951 3002 nam
978 2970 1018 3002 ut
1043 2966 1112 3001 hae
1139 2976 1246 3001 voces
1264 2969 1362 3000 certa
1379 2963 1556 3000 Calactini
1572 2962 1707 2998 indicia
1724 2966 1819 3007 sunt,

111 3025 173 3070 ita,
199 3036 291 3073 quae
315 3037 359 3062 ex
384 3037 426 3062 eo
451 3030 547 3071 sunt,
574 3027 632 3062 his
658 3027 804 3063 demum
830 3027 951 3063 verbis
978 3036 1119 3073 semper
1143 3024 1302 3073 incipere
1327 3035 1475 3062 necesse
1499 3035 1575 3061 non
1599 3026 1665 3060 est.

1535 3083 1578 3123 3.
