2138 3386
1082 237 1362 285 -32-

375 360 510 412 Neque
541 362 645 401 enim
674 363 791 402 verba
822 373 887 414 μοι
917 358 1026 400 δοκεῖ
1054 368 1092 402 et
1122 356 1195 401 οὒκ
1225 358 1272 401 ἄν
1302 373 1367 415 μοι
1397 358 1553 400 δοκοῦσι
1584 363 1680 402 adeo
1714 365 2056 415 spernenda-sunt,

374 438 417 471 ut
437 445 484 471 ex
506 433 611 471 fonte
623 433 813 472 translata
830 446 918 473 esse
934 438 1128 484 putemus,
1151 433 1241 472 licet
1257 433 1457 481 nonnulla,
1476 445 1576 483 quae
1592 434 1880 483 quodammodo
1893 435 2058 476 ornandi

375 516 495 543 causa
517 503 647 542 addita
669 509 772 551 sunt,
797 516 843 543 ex
867 504 988 554 stirpe
1007 503 1204 551 hauserit3
1229 503 1375 542 scimus
1397 503 1501 542 enim
1522 503 1705 553 Satyrum
1724 505 1826 544 hanc
1843 505 2059 546 orationem

374 573 621 624 compilasse.
675 573 856 613 Ceterum
887 574 1111 625 obloquitur
1141 573 1373 613 Plutarchus
1405 573 1557 612 verbis:
1590 567 1630 611 αἱ
1659 570 1702 612 δὲ
1731 571 2059 629 τρισχίλιαιικαῧ

373 638 515 688 ἑαυτὰς
547 665 598 672 --
631 642 899 696 περιγενέσθαι
929 645 1126 693 Aeschini,
1160 644 1226 695 qui
1259 646 1296 691 3,
1330 646 1384 684 52
1417 643 1529 686 dicit:
1571 638 1597 696 ἢ
1637 647 1758 684 ταῦτα
1787 641 1867 699 ἤδη
1895 643 1944 684 τὰ
1972 644 2060 698 περὶ

373 709 533 752 Μειδίαν
568 736 614 742 -
650 726 687 753 κ.
718 709 771 758 ὡς
801 709 967 752 ἀπέδοτο
1005 714 1209 766 τριάκοντα
1245 717 1348 767 μνῶν
1378 709 1462 766 ἅμα
1492 714 1560 766 τήν
1590 725 1630 752 τε
1660 709 1714 759 εἷς
1742 709 1858 755 αὑτὸν
1886 709 1992 769 ὕβρι-ν
2021 726 2058 755 κ.
2098 705 2104 712 ’

372 784 441 839 τὴν
469 787 535 823 τοῦ
567 781 693 838 δήμου
723 784 1062 838 καταχειροτονίαν
1082 795 1118 823 κ.
1139 797 1170 822 τ.
1191 781 1227 822 λ.
1273 785 1457 824 Fortasse
1488 786 1535 824 ad
1567 785 1671 824 hunc
1692 787 1824 826 locum
1843 786 2060 827 etGaeeilii

374 856 586 896 auctoritas
620 855 816 906 pertinuit,
849 856 896 895 de
927 869 1004 906 quo
1035 869 1128 895 mox
1159 855 1199 894 in
1230 868 1262 895 c.
1299 858 1349 896 15
1383 856 1609 896 disseretur.

514 938 690 977 Tandem
722 938 837 987 Plut.‚
872 939 1066 989 quomodo
1087 939 1133 978 D.
1162 938 1201 977 in
1232 939 1432 990 republica
1464 952 1506 978 se
1538 939 1712 989 gesserit,
1745 930 1967 981 accuratius
1996 953 2060 980 ex-

375 1022 517 1061 ponere
537 1008 684 1059 incipit.
732 1009 952 1059 Tamquam
974 1009 1141 1048 indicem
1163 1009 1386 1059 praemittit,
1406 1023 1493 1060 quo,
1513 1022 1767 1061 quaecunque
1781 1010 1920 1050 deinde
1934 1010 2059 1050 fusius

371 1084 608 1119 tractaturus
640 1083 710 1127 est,
744 1079 1058 1129 comprehendit;
1091 1079 1206 1129 igitur
1236 1073 1433 1133 παῤῥησία
1465 1093 1497 1120 c.
1525 1083 1577 1120 14
1598 1081 1712 1129 med„
1746 1081 1786 1120 in
1816 1085 1968 1132 quanta·
1991 1081 2057 1121 ad-

373 1150 578 1189 miratione
593 1150 696 1200 apud
713 1149 883 1188 Graecos
905 1150 1018 1189 fuerit
1039 1163 1072 1189 c.
1093 1151 1158 1199 18,
1183 1155 1328 1200 quanto
1346 1151 1498 1189 ‘honore
1519 1164 1542 1189 a
1561 1163 1651 1201 rege
1669 1151 1878 1191 Persarum
1897 1152 2059 1193 affectus

375 1221 424 1260 sit
456 1233 489 1260 e.
525 1222 591 1268 20,
626 1225 812 1270 quantam
843 1233 979 1260 curam
1011 1220 1045 1259 ei
1075 1221 1282 1271 Philippus
1314 1221 1566 1271 impertiverit
1598 1234 1630 1261 e.
1668 1223 1719 1261 16
1752 1221 1980 1272 explicatur.

514 1283 604 1330 Mox
627 1303 727 1341 cap.
754 1293 805 1332 13
829 1291 1086 1342 Theopompo
1109 1292 1265 1331 obsistit
1296 1293 1412 1331 rebus
1444 1292 1588 1342 partim
1618 1305 1665 1331 ex
1697 1292 1886 1332 memoria
1917 1291 2060 1342 partim

375 1375 421 1401 ex
455 1361 620 1401 aliorum
651 1361 839 1400 librorum
871 1361 1037 1400 lectione
1076 1362 1242 1410 coactis,
1287 1362 1326 1400 in
1366 1362 1506 1412 quibus
1547 1361 1664 1400 etiam
1695 1362 1829 1412 stirpis
1861 1367 2061 1403 auctorem

374 1432 719 1483 deprehendimus,
760 1432 826 1482 qui
857 1432 1040 1471 Demadis
1079 1433 1316 1471 mentionem
1355 1432 1418 1471 vix
1458 1445 1634 1482 unquam
1669 1432 1756 1470 loco
1788 1433 1878 1472 dato
1908 1433 2061 1481 omisit3

373 1503 513 1541 iterum
546 1514 751 1540 monemur
772 1514 864 1540 voce
886 1501 1058 1555 φαίνεται
1078 1502 1151 1554 γὰρ
1173 1503 1430 1542 Plutarchum
1453 1515 1524 1541 suo
1546 1502 1670 1554 ipsius
1691 1503 1834 1543 iudicio
1855 1504 2060 1543 confidere.

513 1584 659 1623 Deinde
679 1581 941 1631 Panaetiil)
965 1585 1185 1624 auctoritati
1208 1598 1249 1624 se
1271 1585 1457 1635 adiungit,
1480 1598 1606 1636 quem,
1639 1598 1842 1636 quousque
1863 1590 2060 1637 sequatur,

372 1655 528 1695 difficile
559 1655 687 1703 dictu;
720 1654 803 1693 fieri
835 1655 938 1693 enim
970 1660 1111 1705 potest,
1145 1661 1187 1694 ut
1218 1669 1341 1706 usque
1373 1657 1420 1695 ad
1451 1656 1587 1696 verba:
1621 1649 1702 1692 ἐπεὶ
1723 1683 1732 1693 .
1755 1684 1763 1692 .
1795 1656 1844 1703 (c.
1875 1654 1945 1704 14)
1977 1656 2060 1696 eius

373 1727 658 1778 expositionem
678 1725 888 1776 receperit3
911 1739 1002 1765 nam
1024 1738 1114 1764 cum
1135 1725 1199 1765 ille
1221 1731 1356 1765 contra
1378 1727 1545 1766 Demetr.
1569 1726 1678 1766 Phal.
1702 1726 1845 1765 librum
1867 1728 2060 1777 quendam

373 1797 584 1848 scripserit,
617 1809 695 1835 non
730 1796 853 1846 potuit
884 1809 972 1835 eum
1003 1809 1080 1836 non
1113 1802 1293 1835 accurate
1324 1796 1571 1847 perscrutari.

513 1879 589 1918 Sed
621 1878 696 1918 alio
719 1878 860 1917 indicio
883 1878 1123 1927 adducimur,
1156 1884 1199 1918 ut
1220 1880 1424 1918 credamus
1445 1878 1699 1917 Plutarchum
1720 1878 1824 1917 hunc
1846 1878 1925 1917 iam
1945 1883 2059 1919 antea

371 1949 576 2001 reliquisse
608 1954 645 1988 et
676 1949 843 1987 fortasse
875 1940 953 1987 iam
975 1963 997 1988 a
1018 1949 1145 1988 verbis
1177 1943 1230 1992 ὡς
1261 1945 1336 1998 εἴγε
1358 1978 1366 1986 .
1389 1978 1397 1986 .
1429 1951 1556 2002 παρῆν
1588 1948 1638 1996 (c.
1666 1949 1717 1988 13
1750 1949 1865 1996 extr.)
1898 1949 2058 2000 stirpem

376 2025 553 2060 secutum
575 2033 674 2059 esse.
723 2019 875 2058 Etenim
899 2019 931 2057 si
964 2020 1119 2070 quidem
1150 2020 1266 2059 verba
1297 2014 1378 2056 ἐπεὶ
1408 2018 1496 2062 τοὺς
1526 2030 1568 2068 γε
1598 2012 1695 2056 ’καθ’
1725 2013 1861 2057 ἑαυτὸν
1891 2013 2058 2073 ῥήτορας

369 2089 437 2128 καὶ
457 2094 509 2141 τῷ
527 2088 596 2141 βίῳ
612 2086 817 2143 παρῆλθεν
834 2103 913 2129 non
931 2090 1041 2129 aliter
1058 2090 1348 2141 interpretanda
1371 2095 1461 2128 sunt
1481 2095 1599 2139 atque
1620 2090 1694 2128 hoc
1716 2091 1852 2142 modo:
1875 2083 2058 2130 ‘ceterum

373 2163 556 2212 aequales
589 2166 764 2200 oratores
796 2160 896 2199 vitae
928 2174 1082 2211 quoque
1112 2161 1226 2200 laude
1259 2155 1464 2211 superavit’
1496 2161 1560 2208 (ef.
1586 2175 1621 2212 p.
1650 2157 1775 2208 7—8)
1814 2181 1858 2187 —
1895 2151 2057 2212 apparet

372 2233 625 2271 Plutarchum
644 2231 817 2282 stirpem,
842 2244 940 2282 quae
958 2231 1050 2282 quin
1066 2231 1239 2270 convicia
1256 2231 1426 2282 primum
1443 2232 1491 2270 ab
1508 2232 1711 2271 Idomeneo
1728 2231 1767 2270 in
1783 2231 2057 2270 Demosthenis

372 2304 491 2342 vitam
522 2303 635 2351 iacta,
669 2303 717 2341 ab
739 2301 954 2352 Hermippo
976 2301 1116 2340 iterum
1136 2307 1336 2352 usurpata,
1361 2302 1447 2352 ipsa
1475 2315 1628 2352 quoque
1659 2302 1863 2352 acceperit,
1897 2301 2057 2341 minime

373 2375 517 2422 dubito,
551 2374 591 2412 in
621 2374 695 2412 hac
725 2386 767 2412 re
797 2372 1062 2423 dereliquisse,
1096 2385 1185 2411 cum
1223 2386 1269 2411 ex
1301 2372 1482 2410 interiore
1513 2385 1568 2413 or.
1601 2371 1792 2411 Midianae
1823 2371 2053 2421 cognitione,

374 2450 646 2495 praeterquam
667 2444 770 2494 quod
791 2443 895 2482 haud
915 2443 1131 2492 ignorabat,
1165 2443 1255 2494 quid
1277 2443 1504 2481 Idomeneus
1535 2443 1660 2492 vellet,
1693 2442 1767 2482 sibi
1795 2443 2056 2494 persuasisset

372 2515 468 2555 haec
500 2528 597 2566 pura
629 2519 849 2554 commenta
880 2527 978 2553 esse.

511 2609 641 2649 Aliam
683 2621 861 2657 causam,
904 2621 972 2647 cur
1010 2606 1143 2659 stirpis
1175 2612 1310 2647 auctor
1340 2607 1387 2647 de
1417 2601 1655 2645 ἀκολαστεία
1685 2607 1751 2648 illa
1781 2607 2053 2648 Demosthenis

371 2680 488 2720 verba
519 2680 658 2719 fecisse
688 2679 872 2728 videatur,
906 2684 1038 2730 repeto
1070 2692 1117 2718 ex
1150 2679 1445 2728 cognominibus
1477 2679 1553 2717 illis
1585 2679 1625 2717 in
1646 2679 1897 2729 ignominiam
1917 2679 2052 2718 Demo-

373 2750 521 2790 sthenis
553 2750 732 2798 inventis,
766 2763 865 2801 quae
886 2750 986 2789 Plut.
1019 2763 1053 2791 c.
1078 2752 1116 2798 4,
1149 2749 1240 2800 quid
1272 2751 1451 2800 quodque
1481 2750 1624 2789 valeret
1654 2750 1800 2789 addens
1830 2749 2050 2791 reservavit.
2095 2780 2100 2783 >

513 2874 543 2920 ¹)
570 2877 658 2911 Cim.
678 2887 707 2910 c.
723 2876 745 2910 4
766 2875 926 2910 eiusdem
951 2875 1041 2910 liber
1065 2875 1139 2922 περὶ
1162 2873 1373 2922 παρηγορίας
1390 2880 1582 2920 usurpatus
1600 2878 1653 2910 est
1669 2874 1803 2918 (Ruehl
1819 2875 1842 2910 l.
1859 2886 1907 2911 m.
1924 2886 1958 2920 p.
1978 2873 2048 2919 52);

371 2933 432 2969 hic
457 2933 533 2970 sine
558 2934 666 2970 dubio
691 2935 780 2970 liber
804 2934 964 2969 Panaetii
989 2934 1061 2980 περὶ
1084 2939 1141 2968 τοῦ
1165 2933 1376 2981 καθήκοντος
1402 2934 1434 2970 ei
1459 2935 1504 2970 ob
1534 2934 1654 2970 oculos
1679 2933 1762 2979 fuit,
1796 2945 1902 2980 quem
1927 2934 2050 2970 Cicero

372 2992 416 3032 de
441 2992 568 3029 officiis
594 2991 752 3030 scribens
778 2996 921 3030 secutus
946 2996 1009 3030 est.
