2138 3386
0 295 1 300 Α
0 280 1 285 Α
0 230 5 262 ε-ι
0 0 11 221 warns-ua:-

790 202 1076 252 „41-

128 330 178 373 8.
207 318 419 384 παρελθὼν
443 329 563 383 μόνος
588 324 610 369 ὁ
630 325 893 385 Δημοσθένης
1024 331 1064 370 3.
1098 325 1310 381 παρελθὼν
1341 322 1445 367 εἷπον
1479 349 1531 356 -
1564 325 1682 381 μόνος
1703 329 1776 366 τῶν

963 397 1152 451 λεγόντων
1190 398 1260 438 καὶ
1299 397 1602 453 πολιτευομένων
1642 399 1776 448 (173).

135 468 433 524 4.συνεβοι’)λευε
439 475 513 511 τῶν
522 467 705 527 Θηβαίων
711 469 893 528 ἔχεσθαι·
1023 474 1063 512 4.
1079 493 1123 499 ——
1136 466 1218 510 εἶτα
1230 469 1479 524 μεταθέσθαι
1491 469 1559 509 καὶ
1571 468 1781 525 φοβεῖσθαι

963 542 1112 588 πάντας
1140 537 1236 596 ὑπὲρ
1268 538 1452 597 Θηβαίων
1484 543 1605 591 (177)

137 618 176 657 5.
206 625 244 654 κ.
274 608 404 654 τᾶλλα
425 609 736 669 παραθαῤῥὺνας
761 626 798 654 κ.
820 627 892 669 με-
1024 619 1061 658 5,
1093 619 1244 669 πρῶτον
1280 613 1350 667 μὲν
1381 612 1445 652 τὸν
1474 613 1649 666 παρόντα
1681 608 1779 653 ἐπα-

76 685 276 740 τιωρίσας,
312 680 443 739 ὥσπερ
483 681 626 733 εἰώθει,
666 685 730 726 τὸν
769 683 892 741 δῆμον
961 689 1077 725 νεῖναι
1107 683 1227 741 φόβον
1263 708 1309 714 -
1347 686 1418 735 (17
1428 685 1467 734 7)

137 753 392 812 6.ἀπεστάλη
403 753 892 812 πρεσβευτὴςμεθ’ἑτέρων
1024 761 1062 801 6.
1097 758 1267 798 conflata
1298 771 1345 798 ex
1377 758 1399 805 ἓ
1434 758 1515 798 178
1549 761 1587 796 et
1621 758 1717 798 179.

72 823 128 875 εἰς
158 825 298 885 Θήβας

231 901 345 942 Tunc
382 901 628 952 Marsyam
667 907 808 941 testem
849 901 1086 953 assumpsit3
1125 914 1194 947 cur
1231 900 1537 941 Demosthenem
1579 899 1779 940 deseruit?

71 972 251 1013 Primum
280 974 330 1013 de
357 972 496 1023 legatis
523 972 670 1013 Thebis
709 973 783 1013 sibi
817 973 1012 1012 oblocutis
1044 972 1248 1012 Demosth.
1274 972 1372 1011 nihil
1396 971 1473 1011 nisi
1495 971 1592 1011 haec
1620 972 1780 1023 praebet

71 1038 282 1092 ς211ιὼς
303 1043 378 1097 γὰρ
393 1038 610 1098 ἀφικόμεθ’
630 1038 686 1088 εἰς
710 1043 780 1088 τὰς
791 1039 940 1098 Θήβας,
958 1040 1307 1097 κατελαμβάνομεν
1315 1037 1515 1081 Φιλίππου
1528 1053 1565 1080 κ.
1574 1037 1780 1080 Θετταλῶν

71 1125 110 1154 κ.
129 1119 222 1154 τῶν
242 1111 411 1154 ἄλλων
432 1115 717 1169 συμμάχων
738 1115 933 1167 παρόντας
953 1113 1130 1168 πρέσβεις
1150 1126 1188 1153 κ.
1213 1113 1302 1160 τοὺς
1323 1114 1394 1168 μὲν
1413 1110 1626 1169 ’ἡμετέρους
1643 1109 1780 1169 φίλους

71 1181 112 1226 ὲν
125 1185 248 1242 φόβῳ·
268 1187 441 1236 deinde}
464 1189 561 1237 213,
585 1188 796 1228 Thebanos
819 1188 1052 1228 adversariis
1071 1192 1305 1239 potestatem
1322 1189 1439 1227 verba
1457 1187 1622 1227 faciendi
1639 1185 1778 1238 primis

71 1259 228 1299 dedisse
247 1259 415 1299 breviter
435 1265 732 1300 commemorat.
782 1260 918 1311 Itaque
939 1261 988 1299 ad
1010 1260 1129 1300 alium
1153 1260 1349 1310 confugit3
1373 1259 1522 1299 accedit
1553 1259 1658 1310 quod
1680 1258 1778 1299 Mar·

72 1343 164 1382 syas
196 1343 286 1371 cum
317 1331 585 1373 Demosthene
615 1331 810 1372 concinna
841 1332 990 1372 habuit.

210 1401 347 1442 Altera
367 1415 489 1442 causa
508 1402 599 1442 inde
618 1405 831 1455 repetenda
853 1409 924 1452 est,
949 1405 1054 1455 quod
1075 1404 1186 1443 Dem.
1211 1404 1259 1443 de
1280 1402 1455 1443 oratione
1473 1402 1621 1442 Thebis
1643 1401 1778 1442 habita

68 1487 149 1514 non
182 1473 262 1514 nisi
297 1473 339 1514 in
374 1473 603 1514 universum
642 1475 826 1526 exposuit
856 1477 877 1522 ἓ
914 1477 995 1516 179
1029 1480 1067 1515 et
1097 1477 1119 1523 ξ
1153 1477 1239 1515 214
1272 1479 1309 1514 et
1342 1475 1425 1516 215
1459 1468 1539 1527 (ἵνα
1569 1469 1637 1512 τάν
1669 1472 1777 1526 μέσῳ

66 1541 316 1597 παραλείπω)
349 1544 613 1596 continuoque
644 1546 694 1585 ad
724 1547 875 1585 bellum
897 1547 946 1586 ad
969 1547 1066 1586 fines
1089 1546 1275 1585 Boeotiae
1297 1550 1451 1595 gestum
1473 1545 1640 1585 transiit.
1689 1545 1776 1585 Hoc

70 1616 164 1668 legit
195 1616 312 1656 etiam
344 1617 602 1657 Plutarchus:
637 1618 732 1668 quid
763 1618 910 1657 mirum
941 1619 1045 1669 quod
1079 1618 1140 1657 sui
1173 1617 1248 1658 sibi
1280 1617 1465 1658 conscius
1496 1617 1628 1657 iudicii
1650 1617 1776 1657 Theo-

70 1701 260 1740 pompum
292 1687 403 1728 hisce
433 1689 482 1728 de
512 1689 629 1728 rebus
651 1689 837 1740 inspexit,
870 1694 907 1729 et
928 1689 1062 1741 ipsum
1084 1689 1387 1729 admirationem
1408 1702 1501 1739 erga
1521 1689 1627 1728 hunc
1650 1689 1775 1728 virum

67 1760 132 1800 vix
172 1761 385 1809 celantem,
425 1761 605 1811 quamvis
636 1762 776 1801 acerbe
807 1762 855 1801 de
886 1775 932 1800 eo
965 1761 1093 1812 capite
1124 1766 1299 1801 extremo
1336 1761 1527 1801 detrahat.
1592 1761 1775 1801 Ceterum

67 1831 322 1884 perspicuum
333 1832 614 1872 documentum
622 1833 880 1873 Plutarchum
890 1833 930 1873 in
941 1835 1058 1873 rebus
1070 1833 1266 1873 Boeoticis
1283 1834 1383 1873 duos
1401 1834 1528 1873 fontes
1546 1833 1775 1873 adhibuisse

67 1908 106 1944 et
127 1903 323 1943 conflasse
344 1925 390 1931 --
413 1905 582 1944 alterum
603 1904 690 1944 dico
705 1905 1013 1946 Demosthenem
1034 1907 1201 1945 alterum
1217 1905 1522 1957 Theopompum
1542 1926 1594 1932 —
1610 1904 1776 1945 efficitur

66 1974 144 2015 nisi
164 1975 280 2015 fallor
296 1976 536 2027 comparatis
553 1989 639 2028 cap.
662 1978 714 2017 17
732 1978 918 2017 extremis
939 1977 1068 2017 verbis
1089 1977 1228 2028 iisque,
1251 1990 1351 2029 quae
1369 1977 1618 2028 Theopompi
1631 1973 1776 2016 flomen

70 2046 248 2098 proxime
278 2048 534 2098 praecedunt:
568 2043 616 2102 ἧν
647 2043 681 2086 δ’
710 2043 754 2087 οἵ)
785 2043 915 2101 ῥᾴδιον
939 2070 991 2077 -
1015 2051 1099 2094 ταῖς
1128 2046 1284 2087 πόλεσιν
1315 2050 1386 2098 (17
1416 2049 1533 2098 extr.)
1565 2055 1603 2089 et
1632 2048 1675 2087 τὸ
1707 2047 1777 2102 μὲν

65 2112 132 2158 οὖν
162 2118 360 2173 συμφέρον
392 2141 444 2147 -
477 2118 576 2172 πρὸς
607 2119 650 2158 τὸ
681 2117 807 2159 καλόν
838 2121 890 2170 (c.
926 2122 978 2164 18
1012 2121 1131 2170 med).

207 2189 311 2239 Quid
341 2191 474 2231 enim?
521 2192 698 2231 Primum
720 2193 822 2235 Plut.
848 2194 1015 2244 probare
1047 2194 1176 2232 studet
1207 2193 1528 2242 Demosthenem,
1562 2206 1651 2232 cum
1676 2193 1776 2232 The-

66 2262 192 2302 banos
210 2263 259 2302 ad
271 2263 499 2303 societatem
512 2263 721 2314 pelliceret,
735 2278 836 2316 opus
848 2265 1124 2305 difficillimum
1139 2265 1321 2305 molitum
1331 2278 1431 2313 esse,
1451 2265 1555 2316 quod
1567 2265 1774 2316 Philippus

66 2333 179 2372 novis
209 2333 284 2373 hos
314 2334 515 2374 beneficiis
548 2335 623 2374 sibi
654 2336 894 2376 devinxisset
924 2342 962 2377 et
993 2342 1156 2389 propter
1188 2341 1399 2388 perpetuas
1431 2336 1520 2375 illas
1553 2337 1774 2375 simultates

67 2417 160 2455 spes
193 2404 340 2455 gratiae
371 2405 694 2456 redintegrandae
731 2408 896 2447 minima
937 2409 1088 2449 fuisset.
1138 2408 1285 2459 Contra
1317 2421 1350 2447 c.
1389 2409 1440 2448 18
1476 2407 1642 2458 legimus
1674 2408 1774 2446 The-

66 2477 192 2516 banos
209 2476 258 2515 ad
274 2476 533 2517 defectionem
550 2478 705 2518 trahere
722 2479 866 2519 idcirco
884 2483 964 2520 tam
978 2480 1136 2520 difficile
1152 2480 1287 2528 fuisse,
1312 2480 1415 2531 quod
1438 2479 1622 2519 omnibus
1645 2484 1774 2518 metus

66 2547 156 2587 novi
178 2551 216 2587 et
237 2547 399 2587 maioris
419 2549 513 2588 belli
535 2549 585 2589 ob
607 2551 743 2589 oculos
766 2556 945 2590 versatus
967 2557 1072 2591 esset
1094 2556 1142 2599 et,
1177 2556 1307 2590 utrum
1331 2550 1539 2590 utilitatem
1562 2564 1610 2589 an
1634 2550 1774 2589 hones-

66 2623 188 2659 tatem
219 2619 346 2669 magis
378 2620 630 2671 respicerent,
664 2622 730 2661 diu
762 2622 1060 2662 dubitavissent,
1108 2622 1361 2662 Manifestum
1383 2622 1499 2672 igitur
1521 2628 1580 2661 est
1608 2621 1774 2661 diversis

67 2690 326 2742 scriptoribus
358 2691 615 2731 Plutarchum
654 2706 770 2733 aures
813 2694 1044 2745 praebuisse
1081 2707 1208 2745 neque
1239 2694 1467 2733 dubitamus
1499 2693 1611 2733 illum
1642 2694 1772 2732 locum

65 2762 335 2811 Demostheni,
370 2763 437 2814 qui
468 2764 490 2811 ἓ
526 2764 607 2804 113
641 2765 791 2813 eadem,
834 2778 935 2816 quae
967 2765 1068 2805 Plut.
1102 2765 1208 2816 dicit,
1250 2765 1374 2814 tangit
1405 2765 1625 2812 l‹=;.·;.1lorum
1656 2764 1774 2803 verba

66 2833 173 2873 brevi
206 2834 487 2885 perstringens,
523 2835 704 2883 tribuere,
748 2849 839 2875 cum
871 2836 960 2876 inde
993 2850 1113 2888 parva
1144 2849 1264 2887 opera
1295 2836 1509 2887 imaginem
1539 2849 1671 2876 rerum
1702 2836 1773 2875 De-

68 2905 266 2945 mostheni
288 2906 531 2946 obstantium
553 2911 685 2946 mente
707 2907 913 2959 concipere
936 2913 1082 2959 posset.
1131 2908 1258 2956 (Dem.
1287 2909 1351 2957 18,
1378 2910 1482 2949 213:
1506 2905 1774 2959 παρελθόντες

67 2976 202 3028 (legati
234 2976 422 3031 Philippi)
460 3000 506 3006 -
542 2976 586 3017 τὸ
619 2972 652 3015 δ’
683 2972 750 3017 οὖν
778 2976 996 3034 κεφάλαιον
1037 2975 1078 3032 1)
1109 2974 1240 3033 ἠξίουν
1270 2974 1323 3019 ὧν
1354 2979 1423 3034 μὲν
1455 2974 1496 3019 εὖ
1528 2977 1775 3021 πεπόνθεσαν
