2138 3386
799 210 1079 256 ..53-

94 358 98 365 ·
121 356 123 358 ·
196 355 201 384 ;
230 335 370 390 {tique
397 341 441 377 ut
469 335 598 377 fontes
628 335 734 377 brevi
764 333 1107 387 comprehendam,

229 419 256 460 l.
280 431 332 459 ex⁴
351 419 444 459 stir
457 433 481 470 p
495 432 516 459 e
537 421 703 470 quadam
723 433 745 459 a
762 419 913 469 Satyro,
936 423 979 458 ut
998 417 1159 465 videtur,
1184 415 1404 467 composita
1423 427 1610 465 magnam
1632 418 1782 466 partem

75 491 246 542 wllegit
274 495 424 539 eorum,
457 503 558 542 quae
588 491 636 530 de
666 489 907 538 educatione,
940 487 1167 535 eruditione,
1200 487 1236 526 vi
1268 486 1449 535 oratoria,
1483 485 1607 537 plebis
1631 485 1782 533 studiis,

88 562 265 603 moribus
285 562 454 602 exhibet.
504 562 580 602 Sed
602 574 694 601 cum
715 561 849 613 stirpis
871 565 1006 601 auctor
1027 573 1090 599 res
1113 563 1243 609 gestas
1266 558 1389 597 obiter
1412 563 1564 598 tantum
1593 558 1787 608 attigisset

85 639 226 685 neque,
243 633 319 673 nisi
337 634 386 674 ad
399 646 531 673 mores
545 633 776 685 aperiendos
791 633 1007 680 valuerunt,
1022 630 1245 681 diligentius
1262 630 1378 680 idque
1393 629 1616 669 fabularum
1634 627 1786 680 potissi-

88 713 200 746 mum
220 709 450 746 coacervata
469 705 579 756 copia
603 718 671 744 eas
690 703 942 754 respexisset,
964 703 1068 742 velut
1090 702 1138 740 de
1159 713 1280 741 causa
1294 699 1508 750 Harpalica
1529 703 1566 738 et
1586 699 1634 739 iis
1655 699 1785 746 rebus,

74 778 191 833 ’quae
210 782 379 817 mortem
400 777 632 825 anteierunt,
662 797 707 802 -—
734 774 982 822 Plutarchus,
1005 773 1184 824 quamvis
1205 776 1244 811 et
1264 771 1349 823 ipse
1369 771 1496 821 magis
1529 784 1575 810 ex
1607 770 1721 810 dictis
1752 774 1790 809 et

89 848 186 888 iocis
217 853 256 888 et
286 849 590 890 narratiunculis
622 860 742 898 quam
774 860 821 887 ex
852 846 969 885 rebus
1008 844 1115 884 domi
1153 843 1394 894 militiaeque
1430 842 1551 893 gestis
1590 854 1720 882 mores
1751 846 1790 881 et

88 919 252 960 virtutes
281 933 519 971 cognoscere
550 912 698 958 soleret
713 918 778 966 (cf.
801 916 1000 972 vit2Alex.
1024 928 1058 957 c.
1085 915 1138 964 1),
1171 920 1315 964 tamen,
1349 927 1440 954 cum
1461 928 1485 954 a
1507 927 1549 953 se
1579 913 1790 964 impetrare

90 1003 172 1032 non
193 997 339 1044 posset,
369 997 414 1031 ut
442 1004 608 1031 munera
639 989 796 1041 publica
830 1001 994 1039 prorsus
1024 987 1256 1037 neglegeret,
1290 991 1407 1036 atque
1437 986 1487 1025 ab
1519 985 1603 1025 eius
1633 985 1789 1035 ingenio

91 1061 318 1103 abhorreret
349 1075 420 1102 suo
442 1063 568 1114 ipsius
590 1061 732 1101 iudicio
755 1060 1021 1112 supersedere,
1054 1059 1153 1099 alios
1175 1062 1328 1110 praeter
1347 1058 1457 1097 illam
1479 1057 1643 1109 stirpem
1663 1057 1790 1097 fontes

90 1134 199 1175 adire
226 1140 389 1175 coactus
420 1139 492 1176 est.
554 1134 688 1184 Itaque

230 1224 274 1264 11.
306 1211 667 1264 Demosthenis
700 1222 896 1262 orationes

304 1309 340 1335 a.
374 1300 512 1335 contra
542 1294 754 1345 Aphobum
786 1293 956 1344 primam
987 1292 1038 1341 (c.
1073 1293 1100 1332 4
1131 1296 1169 1331 et
1201 1291 1243 1340 6)

303 1367 343 1406 b.
376 1371 514 1406 contra
543 1365 704 1405 Midiam
737 1364 786 1412 (c.
825 1365 860 1405 1.
896 1367 934 1413 6,
972 1365 1038 1412 12,
1074 1363 1144 1411 14)

265 1440 274 1492 J
305 1451 338 1478 c.
374 1438 423 1478 de
454 1451 601 1478 corona
633 1437 682 1484 (c.
717 1439 756 1485 9,
794 1437 860 1485 12,
896 1437 963 1485 14,
999 1434 1105 1484 [15],
1142 1435 1208 1483 17,
1245 1435 1311 1483 18,
1348 1436 1414 1483 19,
1450 1435 1516 1483 21,
1552 1436 1619 1483 22,
1654 1434 1726 1482 24)

207 1512 294 1562 ‘111.
327 1521 597 1562 Aeschinis
629 1520 826 1560 orationes

306 1607 342 1635 a.
377 1597 513 1632 contra
545 1591 842 1643 Ctesiphontem
875 1591 925 1639 (c.
959 1593 1000 1640 4,
1036 1593 1074 1639 6,
1112 1592 1177 1640 12,
1214 1590 1281 1638 14,
1315 1589 1422 1638 [15],
1460 1590 1526 1637 18,
1562 1588 1751 1637 20-23)

306 1665 344 1704 b.
377 1665 426 1704 de
456 1665 558 1704 falsa
588 1663 782 1713 legatione
814 1663 862 1711 (c.
895 1665 922 1702 4
955 1667 992 1702 et
1027 1661 1096 1710 16)

94 1725 299 1788 diligenter
330 1740 600 1788 perscrutatus
632 1739 705 1777 est.
785 1779 787 1782 Α

235 1820 314 1867 Sed
345 1833 438 1860 cum
468 1832 587 1871 saepe
618 1818 825 1867 dubitaret,
858 1818 936 1858 utri
968 1832 1104 1858 eorum
1135 1818 1262 1868 magis
1294 1817 1480 1865 erederet,
1514 1821 1552 1856 et
1582 1815 1631 1854 de
1663 1827 1795 1866 pugna

96 1891 365 1933 Chaeronensi
386 1891 554 1943 aliisque
574 1891 691 1931 rebus
714 1891 763 1930 ad
784 1896 909 1930 totam
929 1890 1212 1942 rempublicam
1231 1889 1516 1941 pertinentibus
1532 1900 1673 1939 parum
1694 1899 1796 1926 com-

97 1969 252 2017 pertum
282 1964 455 2012 haberet,

239 2053 300 2095 lV.
319 2052 387 2095 'rh
397 2065 451 2094 eo
463 2066 487 2105 p
498 2065 521 2093 o
533 2067 574 2093 m
586 2066 647 2105 pu
657 2066 699 2092 m
711 2084 720 2101 ‚
744 2052 807 2092 cui
821 2058 859 2092 et
873 2052 960 2092 aliis
976 2053 1018 2092 in
1033 2052 1122 2092 vitis
1140 2050 1422 2103 componendis
1442 2050 1636 2101 permulta
1651 2048 1796 2096 debuit,

87 2126 236 2166 *crebro
267 2126 431 2177 insuper
461 2125 626 2165 contulit
658 2125 709 2174 (c.
744 2127 783 2173 4,
821 2126 886 2173 13,
922 2125 988 2172 14,
1027 2126 1076 2164 16
1089 2127 1120 2172 Ρ,
1159 2125 1210 2164 18
1221 2144 1264 2150 --
1275 2124 1342 2170 21,
1378 2122 1463 2170 25).

239 2215 284 2255 V.
316 2215 476 2255 Praeter
505 2215 580 2254 hos
612 2214 949 2266 posteriorem
972 2214 1221 2264 quendam
1252 2225 1405 2252 rerum
1429 2211 1487 2251 ab
1507 2210 1798 2250 Alexandro

98 2285 366 2338 gestarum
388 2287 695 2338 scriptorem
717 2291 875 2326 secutus
898 2291 959 2325 est
975 2281 1027 2336 (ο.
1046 2283 1258 2332 23-27);
1282 2297 1374 2323 nam
1392 2283 1679 2334 Theopompus
1697 2282 1800 2320 ultra

100 2358 250 2414 'annum
282 2360 365 2399 336
397 2371 476 2398 non
507 2358 774 2398 descenderat.

240 2447 300 2488 VI.
335 2447 549 2488 Caecilii
582 2447 836 2488 Calactini
873 2445 1067 2498 σύγκρισιν
1098 2448 1163 2483 τοῦ
1194 2439 1475 2498 Δημοσθένους
1506 2453 1543 2481 κ.
1575 2437 1801 2495 Κικέρωνος

102 2519 152 2567 (c.
188 2519 230 2567 3)
263 2519 461 2559 consuluit
492 2519 541 2568 (c.
580 2522 645 2568 15,
679 2532 714 2561 o.
749 2518 862 2567 24?).

112 2655 114 2657 Ι
242 2607 319 2648 VII.
353 2607 447 2650 VIII.
481 2608 544 2647 IX.
577 2608 624 2648 X.
658 2621 707 2648 ex
738 2607 974 2648 Panaetio
1006 2621 1038 2646 c.
1074 2608 1139 2655 13,
1172 2605 1367 2645 Duride
1399 2618 1431 2644 e.
1460 2607 1525 2652 19,
1561 2604 1801 2657 Demetrio

100 2679 322 2730 Magnete
349 2693 382 2720 c.
409 2681 475 2728 27,
507 2681 602 2728 30?,
634 2679 912 2730 Phylarcho
945 2691 978 2719 c.
1010 2680 1063 2718 27
1098 2677 1274 2727 singulas
1306 2688 1381 2725 res,
1416 2689 1514 2727 quas
1547 2675 1582 2715 ei
1613 2675 1671 2715 vel
1703 2675 1802 2715 ratio

100 2750 160 2791 vel
191 2751 272 2791 fors
303 2751 511 2799 obiecerat,
543 2751 642 2790 libro
674 2750 852 2793 intexuit.

241 2839 306 2879 XI.
321 2839 528 2879 Postremo
544 2839 664 2878 etiam
680 2840 834 2879 famae
850 2851 1002 2878 morem
1018 2837 1152 2889 gessit,
1176 2837 1279 2888 quod
1294 2837 1350 2876 ita
1367 2849 1455 2876 sese
1471 2836 1627 2884 habere,
1650 2835 1806 2875 etiamsi

102 2921 182 2949 non
213 2909 300 2961 ipse
330 2923 362 2950 c.
398 2912 451 2950 31
485 2916 583 2951 extr.
617 2923 712 2949 voce
742 2905 1002 2963 διηκοὺσαμεν
1034 2914 1221 2954 moneret,
1253 2922 1302 2949 ex
1333 2907 1461 2947 verbis
1493 2920 1528 2948 c.
1564 2907 1637 2947 19:
1668 2903 1733 2943 τὸν
1763 2900 1807 2942 δὲ

101 2975 360 3035 Θερμώδοντά
380 2992 408 3035 φ
419 2992 529 3020 ασιν
553 2992 581 3020 π
591 2993 618 3019 α
629 2975 663 3034 ρ’
686 2975 805 3034 ἡμῖν
826 2983 865 3020 ἐν
880 2975 1103 3034 Χαιρωνεία,
1119 3002 1164 3010 -
1182 2981 1278 3021 satis
1295 2980 1394 3020 bene
1407 2978 1734 3030 perspiceremus
1754 2998 1799 3004 --
