2138 3386
814 239 1101 287 „19-

111 361 261 422 Deinde
272 359 480 404 =Solonem
509 360 551 404 in
581 364 766 405 omnibus
802 365 920 405 rebus
957 361 1165 419 δημοτικὸν
1195 374 1232 402 κ.
1264 362 1384 417 μέσον
1419 362 1542 403 fuisse
1572 361 1814 414 Hermippus

111 435 294 488 probare*
306 434 444 476 nititur
474 435 647 487 (Regem.
680 449 719 488 p.
755 435 839 485 17).

252 505 364 554 Quae
395 506 429 546 si
459 511 565 547 recte
594 506 809 558 disputavit
829 507 1068 557 Begemann,
1101 511 1238 545 nostro
1264 505 1348 545 iure
1370 510 1408 545 et
1437 506 1629 557 reliquam
1663 512 1815 557 partem

110 576 228 630 oepit.
261 578 316 627 8,·
339 589 419 629 qua
448 578 756 618 Demosthenem
791 574 1000 632 δημοτικὸν
1037 590 1079 617 se
1119 577 1363 628 praestitisse
1401 578 1600 627 probatur,
1641 579 1689 617 ad
1721 578 1816 618 Her-

108 647 291 701 mippum
310 649 540 692 referemus.
593 649 714 690 Cuius
737 649 954 689 sententiae
981 654 1182 689 auctorem
1203 653 1246 688 ut
1267 647 1534 687 evinceremus
1567 649 1671 699 quod
1702 649 1817 688 nobis

103 718 285 770 contigit,
307 719 428 759 etiam
447 720 657 760 iucundius
677 720 793 760 nobis
815 725 886 769 est,
911 721 1015 771 quod
1037 733 1071 761 c,
1092 722 1147 762 14
1169 725 1266 759 extr.
1291 720 1407 771 plane
1428 719 1626 759 diversum
1644 720 1818 759 studium

110 790 367 832 Demostheni
397 791 521 831 fuisse
551 791 746 832 audimus.

253 861 403 914 Neque,
436 863 469 903 si
497 863 654 915 quidem
684 864 802 915 paulo
832 868 948 903 antea
979 868 1084 903 recte
1113 864 1309 916 disputavi
1337 863 1600 914 Hermippum
1620 862 1822 913 diligentia

110 933 419 983 Demosthenem
439 935 489 974 ad
510 935 773 986 eloquentiam
795 939 1024 986 provectum
1050 949 1138 975 esse
1160 949 1317 975 summo
1341 949 1459 986 opere
1475 935 1672 986 explicare
1689 935 1822 974 studu-

111 1003 205 1055 isse,
219 1004 396 1057 suspicio
409 1006 522 1045 abest
542 1006 661 1046 etiam
675 1020 733 1055 ea,
757 1020 858 1058 quae
872 1020 905 1047 c.
928 1009 977 1049 11
995 1013 1155 1047 auctore
1169 1007 1368 1047 Demetrio
1382 1007 1492 1046 Phal.
1509 1008 1730 1056 traduntur,
1753 1020 1823 1058 per

111 1073 375 1128 Hermippum
407 1078 456 1116 ad
487 1077 745 1118 Plutarchum
782 1080 934 1130 perlata
965 1093 1072 1127 esse;
1117 1093 1210 1118 nam
1249 1078 1402 1128 egregie
1442 1078 1505 1117 his
1547 1092 1592 1118 ea
1631 1078 1824 1118 sententia

112 1149 410 1202 comprobatur;
443 1148 681 1200 quibuscum
711 1151 913 1201 praeclare
933 1150 1125 1199 convenit,
1150 1151 1254 1201 quod
1275 1150 1437 1200 Dionys.
1461 1150 1587 1189 Halic.
1611 1151 1659 1189 de
1681 1150 1821 1192 admir.

111 1219 150 1259 vi
179 1219 255 1260 dic.
286 1220 328 1260 in
357 1220 470 1260 Dem.
503 1233 536 1260 c.
563 1222 617 1261 53
641 1221 817 1273 scripsit:
850 1221 977 1260 καίτοι
1008 1221 1119 1276 (ponet
1150 1221 1248 1274 πρὸς
1277 1224 1399 1260 ταῦτα
1431 1221 1495 1271 (τὰ
1525 1219 1642 1276 πάθη
1673 1221 1722 1260 τὰ
1753 1225 1824 1276 τῆς

109 1292 246 1346 φρονῇς
273 1300 312 1330 κ.
341 1289 391 1328 τὰ
419 1290 613 1344 σχήματα
642 1295 709 1330 τοῦ
739 1292 940 1345 σώματος)
972 1287 1017 1331 οἱ)
1047 1293 1148 1332 πάνυ
1179 1287 1336 1347 εὔτυχεῐ
1363 1293 1626 1347 χρησάμενος,
1659 1287 1714 1337 ὡς
1738 1287 1823 1347 Δη-

112 1355 552 1417 μήτριοςὸΦαληρεὺς
572 1373 667 1418 φησι
693 1373 719 1401 κ
762 1358 807 1401 οἱ
838 1360 987 1403 ἄλλοι
1018 1365 1202 1410 πάντες
1233 1359 1274 1403 οἱ
1305 1363 1380 1403 τὸν
1412 1362 1517 1416 βίον
1551 1359 1687 1403 αὐτοῦ
1719 1376 1824 1416 συγ-

104 1431 404 1486 γράψαντες.

249 1503 379 1557 Atque
409 1518 452 1545 re
482 1518 574 1545 vera
604 1518 638 1546 c.
665 1509 715 1548 11
741 1507 949 1559 Hermippi
981 1522 1126 1548 nomen
1159 1522 1250 1549 cum
1272 1509 1460 1549 Demetrii
1482 1510 1536 1549 ita
1558 1508 1820 1559 coniungitur,

107 1580 152 1617 ut
183 1576 318 1616 statim
348 1588 568 1627 cognoscas
591 1577 825 1629 scriptorem
846 1579 948 1619 vitae
963 1579 1242 1620 Demosthenis
1265 1581 1382 1620 huius
1414 1581 1684 1621 testimonium
1718 1581 1823 1632 apud

107 1647 372 1700 Hermippum
392 1649 630 1700 repperisse,
663 1649 740 1688 nisi
771 1650 871 1689 forte
892 1651 1095 1701 negaveris
1118 1652 1193 1691 hoc
1215 1657 1341 1692 totum
1365 1658 1483 1704 caput
1504 1653 1604 1692 bene
1627 1666 1821 1692 conexum

107 1733 210 1763 esse.
274 1719 463 1760 Similiter
494 1733 586 1760 cum
617 1734 650 1761 c.
687 1722 979 1774 281utriusque
1010 1737 1154 1764 nomen
1187 1724 1442 1764 coniunctum
1475 1724 1543 1773 sit,
1585 1724 1624 1763 in
1656 1725 1823 1763 eandem

108 1792 337 1845 opinionem
367 1793 637 1845 perducimur,
682 1799 801 1845 atque
833 1795 867 1834 si
897 1795 1062 1846 insuper
1095 1797 1379 1837 contulerimus
1416 1797 1535 1836 etiam
1567 1796 1607 1835 in
1638 1796 1704 1838 vit.
1739 1795 1821 1836 Sol.

109 1876 144 1904 c.
178 1866 232 1905 23
266 1869 304 1904 et
335 1865 426 1916 Lyc.
459 1878 494 1907 c.
526 1867 579 1905 23
612 1865 857 1906 Demetrium
889 1880 937 1906 ex
969 1867 1188 1918 Hermippo
1221 1867 1261 1907 in
1293 1868 1551 1908 Plutarchum
1583 1868 1823 1908 translatum

109 1948 199 1976 esse
227 1936 360 1993 videri,
393 1935 499 1977 iusta
529 1949 622 1976 cum
653 1950 775 1978 causa
806 1943 845 1978 et
874 1938 914 1978 in
935 1939 1000 1979 vit.
1024 1939 1230 1980 Demosth.
1255 1952 1288 1980 c.
1314 1942 1338 1980 9
1363 1945 1400 1979 et
1425 1942 1478 1980 14
1500 1939 1604 1979 idem
1630 1940 1823 1979 accidisse

110 2013 344 2048 statuemus.
396 2007 475 2048 Sed
507 2014 687 2060 superest
718 2015 755 2049 et
787 2010 864 2050 alia
894 2010 994 2050 ratio
1027 2011 1196 2050 alterum
1228 2012 1360 2051 locum
1393 2011 1443 2059 (c.
1481 2011 1550 2059 14)
1583 2011 1820 2063 explicandi,

109 2080 160 2120 de
189 2093 268 2132 qua
297 2093 340 2120 re
370 2080 472 2120 infra
503 2081 555 2135 ad,
583 2081 658 2120 hoc
690 2087 810 2134 caput
841 2096 1099 2134 exponemus.

256 2152 526 2192 Transeamus
549 2153 598 2192 ad
627 2154 733 2193 aliud
754 2153 1020 2205 Hermippeae
1041 2154 1262 2194 traditionis
1294 2154 1496 2194 indicium.
1550 2155 1631 2194 Iam
1655 2155 1704 2194 ab
1736 2154 1824 2194 aliis

108 2222 337 2264 hominibus
369 2224 495 2264 doctis
527 2225 701 2276 (Begem.
726 2239 763 2276 p.
789 2229 827 2274 4,
861 2225 1048 2265 Nietsche
1080 2226 1120 2265 in
1153 2239 1255 2266 mus.
1280 2226 1458 2266 Rhenan.
1480 2227 1555 2267 vol.
1581 2228 1636 2268 24
1660 2241 1697 2278 p.
1720 2227 1822 2275 209)

107 2295 320 2336 verisimile
341 2296 432 2336 'esse
454 2297 773 2336 animadversum
795 2303 855 2337 est
882 2310 1021 2338 omnes
1044 2298 1167 2347 locos,
1192 2298 1348 2349 quibus,
1373 2299 1571 2350 quomodo
1594 2298 1821 2350 philosophi

110 2367 255 2407 mortui
275 2373 421 2417 essent,
454 2374 693 2418 narraretur,
727 2369 946 2421 Hermippo
979 2370 1130 2410 auctori
1152 2371 1296 2419 deberi,
1331 2375 1467 2422 utpote
1499 2371 1564 2422 qui
1598 2371 1822 2422 quindecim

110 2437 210 2478 locis
240 2438 416 2479 eiusdem
447 2440 502 2479 rei
533 2441 647 2480 testis
679 2442 822 2480 allatus
855 2446 972 2481 esset.
1036 2442 1094 2481 Ac
1135 2455 1184 2481 ne
1216 2442 1255 2481 in
1287 2443 1361 2482 hac
1395 2442 1551 2493 quidem
1584 2456 1626 2482 re
1657 2443 1821 2482 dubium

111 2514 183 2558 est,
216 2510 310 2561 quin
342 2511 585 2564 Hermippus
626 2513 744 2552 altius
776 2518 958 2564 repetens
996 2513 1243 2562 disseruerit,
1278 2527 1355 2565 qua
1393 2514 1561 2565 quisque
1598 2515 1821 2554 constantia

111 2594 340 2633 supremam
371 2582 511 2623 horam
542 2585 838 2635 exspectaverit.
892 2585 1026 2637 Itaque
1048 2599 1234 2636 magnam
1263 2591 1415 2638 partem
1448 2586 1623 2637 capitum
1647 2587 1820 2628 28—30

110 2647 318 2705 Hermippi
350 2655 580 2696 auctoritate
611 2657 682 2696 niti
705 2657 793 2708 quis
815 2662 875 2697 est
898 2657 963 2708 qui
985 2661 1126 2708 neget?
1171 2658 1285 2697 Velut
1305 2644 1416 2697 Dein
1430 2658 1673 2707 ocharem‚
1708 2659 1820 2699 cuius

75 2753 77 2755 -
110 2737 256 2766 nomen
283 2739 317 2766 c.
343 2728 396 2767 30
420 2728 591 2776 affertur,
626 2729 789 2779 proinde
821 2742 867 2769 ac
898 2730 1110 2781 Pappum
1143 2730 1320 2781 aliosque
1352 2743 1500 2778 eorum,
1535 2730 1602 2782 qui
1634 2731 1682 2770 de
1712 2743 1759 2770 ea
1779 2743 1822 2770 re

111 2797 266 2838 diversa
297 2799 365 2838 sed
397 2805 618 2839 memoratu
650 2813 730 2840 non
761 2801 922 2851 indigna
954 2802 1208 2853 scripserant,
1241 2802 1423 2853 inprimis
1445 2802 1818 2851 Philochorum,

112 2869 225 2909 euius
255 2882 399 2910 nomen
422 2871 529 2923 Pspl.
557 2873 667 2912 847a
688 2873 911 2923 reservavit,
945 2874 1050 2913 haud
1073 2874 1188 2913 dubie
1211 2874 1287 2913 iam
1311 2874 1552 2926 Hermippus
1576 2875 1818 2915 adhibuerat.

254 2941 331 2981 Sed
346 2947 489 2992 tamen,
502 2957 551 2982 ne
559 2943 821 2996 Hermippum
834 2946 980 2985 fontem
997 2946 1227 2997 primarium
1240 2945 1363 2986 fuisse
1371 2947 1584 2986 Plutarcho
1598 2947 1818 2995 credamus,
1830 2987 1833 2990 ,

111 3012 188 3054 hoo
217 3013 306 3066 ipso
337 3015 424 3055 loco
456 3028 697 3069 magnopere
729 3016 997 3068 prohibemur.
1046 3016 1228 3067 Quonam
1260 3019 1405 3059 modo?
1453 3019 1676 3059 Occurrunt
1705 3019 1820 3061 nobis

1537 3087 1581 3124 2*
