2138 3386
1108 273 1385 321 ..28-

540 390 592 433 At
622 393 723 444 quod
753 393 890 435 deinde
918 395 1034 437 tradit
1065 410 1227 448 puerum
1247 397 1547 438 Demosthenem
1569 396 1814 448 elegantioris
1844 402 1883 438 et
1910 395 2076 450 ingenuo

404 475 523 513 puero
563 465 703 514 dignae
741 466 969 517 disciplinae
1008 462 1205 520 expertem
1242 468 1456 518 mansisse,
1504 468 1710 510 manifesto
1763 473 1960 522 repugnat
1986 481 2078 511 cum

402 533 511 574 Dem.
547 537 612 584 18,
648 538 729 577 257
762 537 893 586 (265).

542 606 641 654 Quid
681 608 769 647 inde
809 609 1099 659 colligendum?
1159 610 1410 650 Plutarchum
1443 609 1517 650 hac
1547 609 1587 649 in
1623 622 1666 649 re
1694 609 1814 651 alium
1842 611 1990 652 fontem
2021 623 2077 651 se·

401 679 534 715 cutum
564 690 664 720 esse.
1514 684 1517 689 '

541 748 598 787 Re
618 750 893 791 vera'Aesch.
919 753 956 799 3,
977 754 1056 792 255
1077 752 1256 792 similiter
1276 752 1388 792 dicit:
1410 750 1505 796 τίνες
1525 745 1631 805 ὑμῶν
1651 746 1740 790 εἰσιν
1758 746 1802 810 οἱ
1815 740 2078 808 βοηθήσοντες

400 810 661 870 Δημοσθένεις
700 820 859 873 πότερον
890 815 925 859 οἱ
953 822 1231 876 συγκυνηγέται
1260 817 1285 875 ἢ
1317 816 1352 860 οἱ
1382 820 1665 875 συγγυμνασταὶ
1695 817 1823 867 αὐτοῦ,
1862 818 1916 862 ὅτ’
1953 819 2002 879 ἦν
2039 819 2079 863 ἐν

400 882 549 941 ἡλικίας
580 885 685 928 ἀλλὰ
717 890 773 943 μὰ
803 890 866 930 τὸν
895 886 970 931 Δία
999 891 1062 932 τὸν
1092 888 1319 946 Ὀλύμπιον,
1360 887 1436 946 οὐχ
1466 887 1509 937 ὃς
1540 888 1696 944 ἀγρίους
1726 898 1953 948 κυνηγετῶν,
1990 889 2081 934 οὐδὲ

399 963 468 1012 τῆς
497 964 562 999 τοῦ
592 961 772 1014 σώματος
802 957 948 1008 εὐεξίας
977 958 1276 1017 ἐπιμελούμενος
1306 961 1576 1006 διατετέλεκεν,
1607 958 1696 1002 ἀλλ’
1725 960 1906 1004 ἐπασκῶν
1939 965 2083 1018 τέχνας

401 1025 462 1068 ἐπὶ
500 1029 588 1076 τοὺς
620 1032 690 1076 τὰς
733 1027 865 1078 οὐσίας
894 1035 1155 1088 κεκτημένους
1186 1036 1313 1084 (videl.
1346 1035 1511 1083 tutores)
1547 1031 1815 1089 διαγεγένηται.
1874 1035 1994 1087 Atqui
2033 1050 2082 1076 ne

401 1101 543 1144 Aesch.
577 1104 732 1154 quidem
770 1105 831 1144 his
862 1106 988 1145 verbis
1015 1120 1104 1146 eum
1145 1107 1287 1148 artium
1318 1107 1535 1163 liberalium
1562 1107 1698 1146 rudem
1726 1107 1848 1146 fuisse
1877 1105 1949 1155 ait,
1990 1107 2083 1158 quin

403 1173 519 1212 etiam
551 1175 733 1214 extremis
773 1176 898 1216 verbis
935 1178 1175 1217 contrarium
1207 1178 1410 1228 significat.
1474 1177 1577 1216 Num
1607 1177 1722 1228 igitur
1751 1178 1852 1218 Plut.
1885 1178 1935 1217 ad
1965 1177 2083 1217 vitam

403 1244 639 1293 peculiarem
670 1248 893 1297 confugisse
923 1248 1101 1288 videtur?
1150 1249 1202 1289 At
1233 1249 1391 1288 minime
1422 1249 1596 1298 cogimur
1626 1249 1700 1288 hoc
1732 1248 1934 1300 suspicari,
1967 1249 2082 1288 modo

403 1320 627 1364 reputemus
668 1317 922 1358 Plutarchum
953 1332 1070 1370 saepe
1109 1333 1179 1360 suo
1219 1319 1359 1359 iudicio
1389 1320 1506 1359 nimis
1538 1320 1728 1359 confisum
1759 1332 1821 1359 res
1852 1319 2012 1370 exiguas
2043 1319 2083 1359 in

403 1385 529 1425 maius
561 1387 730 1427 auxisse.

544 1457 675 1508 ltaque
697 1471 786 1498 cum
807 1472 862 1499 or.
886 1473 920 1499 c.
942 1460 1096 1512 Aphob.
1120 1462 1146 1509 1,
1180 1461 1242 1501 cui
1274 1475 1316 1501 se
1347 1462 1464 1512 paulo
1496 1466 1610 1501 antea
1641 1461 1880 1510 adiunxerat,
1913 1461 2015 1502 haec
2029 1462 2085 1501 in·

403 1527 603 1567 veniamus
629 1531 649 1576 ἓ
674 1531 748 1570 45:
782 1524 879 1568 ὥστε
908 1541 945 1568 κ.
976 1530 1065 1576 τοὺς
1095 1528 1356 1576 διδασκάλους
1385 1530 1474 1576 τοὺς
1503 1530 1670 1585 μισθοὺς
1700 1527 1950 1585 ἀπεστέρηκε,
1981 1533 2082 1572 Plut.

403 1597 512 1638 haec.
547 1600 630 1638 sine
661 1600 776 1640 dubio
809 1615 879 1641 suo
911 1603 1069 1643 arbitrio
1091 1603 1366 1655 interpretatus
1388 1608 1468 1651 est;
1500 1604 1602 1643 hanc
1622 1603 1661 1642 in
1683 1603 1915 1643 sententiam
1935 1607 1973 1643 et
1992 1616 2086 1643 voce

404 1665 534 1706 δοκεῖ
563 1672 820 1720 perducimur.

546 1742 710 1794 Reliqua
730 1757 777 1783 ex
799 1744 969 1785 Aesch.
996 1747 1032 1793 3,
1059 1748 1139 1786 255
1163 1746 1335 1796 profecta
1365 1759 1453 1785 esse
1481 1745 1689 1786 verisimile
1709 1749 1781 1787 est.
1824 1743 1934 1784 Unde
1955 1748 2086 1784 autem

405 1811 572 1861 primam
604 1827 776 1862 causam,
808 1829 879 1858 cur
900 1811 1081 1860 Βάταλος
1102 1822 1263 1856 vocatus
1286 1817 1346 1865 sit,
1379 1817 1564 1864 hauserit,
1598 1817 1719 1855 multo
1740 1815 1935 1855 difficilius
1957 1816 2084 1862 dictu3

404 1896 497 1923 nam
518 1884 670 1923 etiamsi
692 1900 753 1936 ap.
777 1886 918 1927 Aesch.
945 1890 981 1935 2,
1007 1889 1060 1927 99
1083 1882 1144 1939 (ἐν
1164 1886 1321 1925 παισὶν
1351 1882 1408 1925 ὢν
1439 1881 1596 1940 ἐκλήθη
1627 1881 1673 1924 δι’
1703 1881 1977 1939 αἰσχρουργίαν
2007 1885 2087 1924 τινά

403 1953 470 1991 καί
499 1952 684 1993 κιναιδίαν
705 1951 902 2009 Βάταλος)
933 1958 1134 2006 habemus,
1169 1972 1215 1998 ex
1244 1972 1319 2009 quo
1342 1959 1435 1997 illud
1457 1957 1585 2008 colligi
1606 1957 1742 2009 possit,
1774 1962 1905 1997 tamen
1935 1957 2087 1996 nullum

406 2027 524 2065 alium
557 2027 687 2066 locum
708 2028 938 2078 investigare
960 2030 1079 2080 potui,
1113 2043 1189 2080 quo
1211 2043 1299 2068 eum
1320 2030 1422 2068 hanc
1444 2042 1599 2080 quoque
1619 2028 1833 2068 orationem
1853 2032 2087 2068 accurate

405 2097 606 2136 excusisse
628 2099 832 2150 perspicue
854 2091 1014 2140 eluceat.
1061 2101 1162 2140 Fieri
1183 2101 1298 2150 igitur
1319 2106 1458 2151 potest,
1492 2105 1534 2139 ut
1564 2100 1604 2139 in
1635 2099 1756 2150 stirpe
1779 2099 1869 2139 talia
1888 2098 2086 2138 invenerit.

546 2169 720 2209 Alteram
754 2176 902 2221 partem
933 2171 1049 2210 huius
1082 2171 1221 2222 capitis
1252 2171 1341 2210 inde
1372 2185 1395 2210 a
1425 2171 1551 2210 verbis
1582 2165 1629 2223 ἧν
1660 2166 1702 2207 δὲ
1733 2164 1753 2207 ὁ
1779 2164 1961 2212 Βάταλος
1992 2197 2000 2205 .
2033 2197 2042 2205 .
2076 2200 2084 2208 .

406 2239 562 2278 aliunde
592 2241 840 2292 desumptam
872 2255 959 2281 esse
979 2242 1186 2291 intelleget,
1226 2241 1402 2292 quisquis
1435 2240 1728 2292 comparaverit,
1761 2253 1881 2290 quam
1911 2252 2002 2278 cum
2032 2238 2088 2278 eis

406 2322 505 2358 quae
536 2312 770 2350 antecedunt
800 2325 878 2351 non
901 2312 1090 2351 concinat.
1144 2312 1195 2350 Ut
1216 2313 1394 2362 exemplo
1425 2316 1524 2359 utar,
1558 2311 1750 2362 quomodo
1782 2311 1898 2349 verba
1919 2306 2028 2347 δοκεῖ
2046 2305 2088 2346 δὲ

405 2388 441 2414 κ.
473 2382 547 2416 τῶν
577 2374 649 2418 οὐκ
681 2375 876 2433 εὐπρεπῶν
906 2394 939 2420 τι
968 2379 1164 2435 λεχθῆναι
1194 2384 1259 2419 τοῦ
1290 2382 1470 2434 σώματος
1501 2380 1644 2433 μορίων
1673 2379 1780 2431 παρὰ
1800 2382 1878 2423 τοῖς
1898 2373 2089 2423 Ἀττικοῖς

404 2449 487 2487 τότε
519 2447 729 2490 καλεῖσθαι
760 2450 930 2503 βάταλος
961 2467 1050 2493 cum
1081 2467 1201 2493 causa
1229 2454 1345 2504 paulo
1367 2458 1456 2492 ante
1477 2453 1627 2503 prolata
1648 2451 1892 2490 conveniunt.
1944 2450 2090 2490 Deinde

406 2522 548 2560 mirum
580 2536 697 2573 quam
728 2524 859 2574 inepte
890 2529 927 2563 et
957 2525 1188 2565 inconcinne
1218 2524 1279 2563 his
1312 2523 1484 2562 minutiis
1513 2523 1757 2574 perturbetur
1777 2534 1908 2560 rerum
1927 2522 2021 2560 ordo
2043 2533 2088 2559 ac

406 2593 537 2633 series.
582 2594 688 2641 Quas
720 2595 974 2634 Plutarchum
995 2595 1150 2645 quidem
1171 2607 1248 2634 non
1270 2594 1438 2645 undique
1473 2590 1678 2643 collegisse
1709 2592 1796 2643 quis
1824 2591 1962 2641 neget&
2007 2591 2088 2629 lmo

404 2678 493 2703 vero
515 2666 676 2704 incurrit
696 2665 735 2704 in
758 2671 927 2706 mentem
948 2667 1085 2705 doctus
1101 2667 1218 2704 homo
1234 2665 1385 2715 generis
1402 2664 1765 2711 Alexandrinorum,
1789 2662 2090 2701 scholiastarum

406 2749 512 2775 more
544 2736 582 2774 id
613 2737 823 2785 agentium,
855 2742 896 2776 ut
929 2737 1044 2776 alicui
1075 2738 1160 2776 loco
1192 2736 1355 2775 alicuius
1389 2735 1590 2786 scriptoris
1624 2747 1740 2785 quam
1772 2732 1991 2772 clarissima
2021 2732 2088 2770 lux

406 2807 679 2846 affunderetur.
724 2807 781 2846 Re
801 2821 891 2846 vera
911 2807 1008 2847 haec
1030 2807 1202 2858 suspicio
1234 2807 1486 2846 confirmatur
1517 2804 1751 2856 comparatis
1785 2803 1956 2851 scholiis,
1991 2815 2089 2853 quae

406 2878 489 2917 cod.
513 2877 810 2928 antiquissimus
832 2878 1039 2917 Aeschinis
1061 2877 1238 2926 oratoris,
1273 2877 1535 2916 Coislinianus
1556 2876 1596 2923 f.,
1630 2887 1745 2925 quem
1765 2873 1812 2913 X.
1837 2872 1982 2912 saeculi
2002 2885 2090 2912 esse

408 2953 556 2998 putant,
592 2949 750 2998 praebet
781 2949 830 2987 ad
862 2949 992 2987 locum
1026 2950 1061 2996 1,
1098 2950 1192 2995 126,
1227 2947 1292 2986 ubi
1322 2961 1397 2987 vox
1419 2942 1600 2988 Βάταλος
1630 2949 1667 2983 et
1690 2946 1727 2992 2,
1753 2946 1820 2991 99,
1843 2943 1910 2983 ubi
1929 2937 2089 2994 Ἀργᾶς,

407 3031 595 3074 quorsum
627 3032 802 3070 quaeque
834 3024 995 3071 spectet,
1038 3019 1173 3058 eodem
1204 3019 1282 3058 fere
1315 3032 1390 3069 quo
1422 3018 1525 3068 apud
1556 3016 1656 3054 Plut.
1690 3014 1824 3054 ordine
1854 3013 2086 3064 explicatur:
