2138 3386
781 256 1067 305 ...27-

122 405 140 417 ·>
198 381 391 434 Quneein
420 381 484 424 his
505 382 700 435 capitibus
721 382 868 433 insunt,
901 381 1033 422 omnia
1054 385 1121 422 aut
1143 392 1191 421 ex
1214 378 1404 420 memoria
1431 382 1499 420 aut
1528 390 1576 419 ex
1606 373 1761 428 ingenio

68 454 308 509 repetivim÷
326 454 489 496 videtur.

210 527 355 579 Itaque,
390 531 600 579 postquam
630 526 797 566 breviter
827 523 1084 572 adumbravit,
1118 522 1313 574 quomodo
1343 521 1548 573 utriusque
1578 532 1707 560 mores
1730 523 1768 559 et

0 633 1 645 ,
69 598 518 647 sonum-convenirent,
552 598 602 638 ad
633 597 907 638 Demosthenis
938 596 1056 636 vitam
1089 594 1250 635 accedit.

209 669 253 711 G.
287 671 314 711 4
345 670 428 712 init.
451 671 554 712 Plut.
577 670 664 722 ipse
694 669 838 709 diserte
870 668 1243 719 Theopompum
1272 665 1420 713 laudat,
1453 676 1529 716 quo
1561 663 1655 715 ipso.
1680 663 1766 703 loco

68 741 253 795 suspicio-
270 746 450 782 movetur
478 742 588 782 hunc·
617 754 735 792 saepe
766 754 814 780 ex
836 740 979 780 Aesch.
1011 738 1255 779 orationibus
1286 737 1490 784 hausisse3
1523 749 1616 775 nam
1644 735 1769 775 Theo-

67 825 238 866 pompus
259 826 322 865 ap.
344 814 448 856 Plut.
471 813 650 864 congruit
673 825 764 852 cum
786 812 928 852 Aesch.
953 813 992 860 3,
1020 812 1121 852 171:
1154 808 1275 861 τοὺτῳ
1305 807 1435 862 πατὴρ
1462 806 1532 861 μὲν
1561 801 1610 860 ἥν
1639 800 1769 859 Δημο-

65 881 213 939 σθένης
232 879 452 931 Παιανιεὺς,
484 881 584 939 ἀνὴρ
615 879 839 936 ἐλεύθερος,
873 877 918 922 οὗ
945 882 1020 935 γὰρ
1041 879 1099 920 δεῖ
1118 877 1343 934 ψεὺδεσθαι,
1375 885 1412 920 et
1433 878 1634 919 Plutarchi
1654 877 1773 917 verba

65 956 257 1009 deinceps,
271 969 321 997 ex
334 956 543 1005 Aeschine,
567 957 634 1008 qui
650 955 884 996 nominatim
900 956 1071 1002 affertur,
1094 955 1327 1004 deprompta
1347 953 1496 1000 eodem,
1520 963 1638 1002 quem
1655 950 1770 989 modo

2 1017 9 1026 ’
65 1028 284 1078 attulimus,
306 1029 393 1069 loco
409 1029 658 1069 inveniuntur
678 1028 737 1067 vel
761 1027 892 1078 potius
916 1026 1097 1078 proxime
1109 1025 1144 1064 ei
1161 1025 1389 1066 succedunt.
1438 1023 1496 1063 Ex
1514 1023 1772 1074 Theopompo

66 1101 203 1153 procul
228 1100 351 1141 dubio
382 1105 421 1140 et
451 1113 552 1152 quae
580 1100 681 1139 inter
710 1099 785 1138 hos
816 1099 924 1153 locos
956 1098 1102 1138 iacent:
1136 1091 1364 1135 ἐπεκαλεῖτο
1396 1091 1440 1132 δὲ
1461 1123 1470 1132 .
1492 1124 1501 1132 .
1531 1093 1772 1144 transcripta

66 1177 169 1213 sunt„
219 1171 356 1224 Neque
386 1185 490 1220 vero,
523 1172 629 1223 quod
658 1171 777 1210 huius
810 1183 965 1221 quoque
995 1169 1158 1208 notitiae
1189 1168 1295 1218 apud
1316 1167 1460 1208 Aesch.
1487 1168 1524 1215 2,
1549 1167 1603 1205 93
1627 1164 1772 1204 mentio

65 1248 195 1284 exstat
215 1239 312 1297 (καὶ
340 1238 590 1296 σεμνολογεῖς
619 1236 712 1296 ἡμῖν
739 1236 793 1285 ὡς
815 1235 888 1279 οὐκ
909 1235 1027 1279 εἰδόσι
1048 1238 1206 1283 τοὺτοις,
1238 1233 1294 1276 ὅτι
1314 1232 1597 1292 Δημοσθένους
1627 1230 1711 1280 υἱὸς
1742 1229 1774 1274 εἷ

63 1312 184 1359 νόθος
194 1311 593 1368 τοῦμαχαιροποιοῦ),
604 1313 705 1354 ¹tanti
719 1313 908 1352 momenti
922 1317 994 1361 est,
1012 1317 1055 1351 ut
1067 1312 1127 1351 vel
1137 1311 1438 1362 Theopompum
1451 1308 1773 1348 velPlutarchum

65 1387 115 1428 ad
146 1399 235 1427 eam
266 1385 485 1439 orationem
505 1385 724 1425 recurrisse
746 1389 944 1436 putemus,
977 1397 1068 1424 cum
1090 1383 1295 1434 aequalem
1317 1381 1549 1432 scriptorem
1570 1381 1648 1419 tale
1669 1379 1774 1430 quic-

66 1471 186 1511 quam
205 1458 355 1509 fugisse
375 1457 594 1498 existimari
615 1461 796 1508 nequeat.
845 1456 1016 1495 Omnino
1031 1455 1135 1494 enim
1150 1453 1418 1494 moderatione
1433 1457 1591 1492 utamur
1611 1464 1774 1491 necesse

66 1529 309 1582 &tritaque
339 1530 436 1570 satis
466 1529 693 1571 habendum
724 1533 795 1577 est,
829 1528 1053 1578 ubicunque
1075 1526 1355 1577 Theopompus
1378 1523 1610 1564 nominatim
1631 1524 1774 1564 allatus

67 1615 159 1643 cum
178 1601 376 1642 Aeschine
396 1601 603 1650 consentit,
636 1601 712 1640 hoc
743 1599 966 1647 monuisse3
998 1612 1126 1649 neque
1158 1598 1262 1638 enim
1284 1597 1469 1648 cuiquam
1490 1596 1699 1646 continget,
1733 1601 1775 1635 ut

69 1687 139 1726 pro
169 1679 276 1714 certo
303 1674 511 1727 contendat
542 1672 846 1723 Theopompum
867 1670 1076 1710 Aeschinis
1098 1669 1294 1709 orationes
1317 1669 1398 1707 fere
1419 1669 1467 1707 ad
1489 1669 1651 1708 verbum
1672 1679 1776 1707 com-

67 1745 227 1798 pilasse,
261 1745 416 1786 etiamsi
446 1757 527 1784 non
557 1756 714 1795 semper
745 1747 784 1782 et
816 1742 878 1781 vix
911 1742 977 1782 diu
1009 1743 1126 1782 rebus
1158 1740 1466 1780 Atheniensibus
1497 1739 1683 1781 interfuit.
1694 1736 1725 1787 ¹)

209 1817 321 1866 Quae
339 1817 389 1856 de
408 1817 553 1856 damno
575 1830 600 1855 a
619 1815 815 1855 tutoribus
838 1820 1002 1866 accepto
1023 1819 1245 1861 narrantur,
1279 1826 1326 1852 ex
1348 1813 1458 1853 Dem.
1482 1825 1538 1852 or.
1562 1824 1596 1854 c.
1619 1811 1774 1862 Aphob.

67 1888 101 1929 ll
133 1889 203 1937 27,
235 1889 263 1928 4
295 1900 384 1939 sqq.
418 1888 468 1927 ad
498 1888 661 1926 verbum
693 1890 882 1936 congesta
914 1891 1026 1926 sunt:

349 1958 453 1999 Plut.
485 1971 518 1998 c.
551 1961 597 1999 4:
1169 1955 1372 1996 Demosth.
1409 1956 1476 2004 27,
1515 1957 1559 1995 4:

129 2038 168 2083 1.
199 2035 456 2096 ἀπολειφθεὶς
491 2035 526 2078 δ>
564 2035 586 2079 ὁ
625 2035 670 2079 Δ.
708 2034 784 2079 ὑπὸ
819 2042 886 2079 τοῦ
1021 2037 1059 2082 1,
1084 2036 1107 2092 ξ
1130 2037 1177 2083 4:
1209 2035 1253 2078 Δ.
1275 2033 1398 2093 οὑμὸς
1423 2036 1552 2091 πατὴρ
1572 2033 1777 2076 κατέλιπεν

65 2111 214 2166 πατρὸς
241 2107 430 2168 ἑπταέτης
963 2133 1012 2140 -
1047 2107 1117 2164 ἐμὲ
1148 2105 1228 2149 ἕπτ’
1257 2105 1350 2149 ἐτῶν
1381 2106 1472 2148 ὄντα

126 2183 168 2225 2.
189 2178 230 2223 ὲν
248 2178 410 2237 εὖπορία
433 2180 590 2237 (μικρὸν
605 2184 681 2237 γὰρ
702 2180 886 2222 ἀπέλιπεν
1019 2182 1059 2223 2.
1077 2180 1101 2234 ξ
1120 2181 1164 2225 9:
1187 2179 1467 2221 πεντεκαίδεκα
1487 2178 1685 2219 ταλάντων
1700 2179 1775 2232 γὰρ

65 2250 92 2310 ἡ
122 2253 313 2309 σὺμπασα
332 2255 485 2311 τίμησις
505 2250 623 2295 αότοῦ
649 2260 719 2310 τῆς
751 2250 887 2300 οὐσίας
954 2253 1042 2308 τρία
1070 2252 1242 2293 τάλαντα
1270 2253 1422 2307 τίμημα

66 2323 344 2366 πεντεκαίδεκα
373 2324 478 2381 ταλ.)

125 2397 168 2440 3.
199 2391 274 2438 ὑπὸ
303 2403 378 2438 τῶν
398 2393 612 2452 ἐπιτρόπων
638 2394 819 2453 ἠδικήθη
839 2398 888 2437 τὰ
1018 2397 1058 2439 3.
1091 2399 1260 2438 conflata
1291 2411 1338 2437 ex
1361 2398 1381 2444 ἓ
1407 2398 1459 2437 13
1484 2409 1584 2447 sqq„
1610 2397 1663 2435 40
1688 2407 1773 2445 sqq.

67 2467 137 2524 μὲν
155 2469 444 2525 νοσφισαμένων
469 2469 518 2509 τὰ
540 2465 574 2508 δ’
593 2466 885 2525 ἀμελησάντων,
959 2473 980 2519 ξ
1016 2473 1088 2512 13;
1126 2491 1177 2497 -
1212 2468 1501 2523 νοσφισαμένων
1536 2488 1585 2494 -

318 2590 323 2594 ,
958 2543 979 2590 ξ
1013 2545 1088 2584 40:
1124 2562 1177 2569 —-
1211 2536 1490 2594 ἀμελησάντων
1523 2559 1575 2565 -

126 2621 168 2667 4.
200 2618 298 2663 ὥστε
318 2634 357 2664 κ.
379 2627 455 2662 τῶν
485 2620 735 2664 διδασκάλων
767 2619 886 2664 αὐτοῦ
913 2633 917 2637 ’
1020 2628 1059 2667 4.
1082 2626 1103 2672 ἓ
1127 2627 1202 2666 46;
1226 2618 1324 2662 ὥστε
1345 2634 1382 2662 κ.
1403 2621 1493 2668 τοὺς
1513 2617 1778 2664 διδασκάλους

66 2693 132 2735 τὸν
161 2693 305 2749 μισθὸν
334 2691 608 2750 ἀποστερῆσαι.
957 2695 1047 2741 τοὺς
1078 2693 1246 2750 μισθοὺς
1276 2690 1529 2749 ἀπεστέρηκε.

214 2797 244 2845 1)
269 2800 419 2836 Constat
444 2800 724 2846 Theopompum
750 2802 800 2837 ol.
831 2801 897 2836 107
924 2801 1079 2836 Athenis
1105 2812 1189 2836 cum
1213 2801 1370 2835 Isocrate
1395 2798 1468 2834 iam
1494 2798 1556 2833 diu
1580 2796 1712 2832 relictis
1733 2796 1778 2831 vin

69 2857 157 2894 Asia
181 2862 446 2895 commoratum
473 2871 573 2900 esse;
600 2870 672 2904 quo
698 2860 828 2895 deinde
846 2872 883 2896 se
907 2860 1101 2896 contulerit
1117 2860 1308 2902 nescimus,
1335 2869 1557 2904 quamquam
1573 2856 1650 2891 sine
1667 2855 1778 2890 dubio

67 2918 200 2954 iterum
225 2921 333 2964 atque
358 2918 488 2954 iterum
508 2919 664 2954 Athenis
691 2919 771 2955 fuit.
798 2919 852 2956 Ol.
880 2919 958 2963 111,
976 2907 1007 2954 '3
1033 2920 1187 2965 denique
1205 2918 1401 2954 Alexandri
1419 2917 1533 2964 gratia
1558 2917 1598 2952 in
1623 2915 1779 2961 pati-iam

69 2977 201 3014 Chium
219 2978 379 3019 revertit,
405 2989 478 3023 qua
494 2979 540 3014 43
559 2990 676 3014 annos
702 2983 879 3015 caruerat.
922 2980 1047 3024 Itaque
1066 2980 1142 3015 veri
1159 2977 1332 3014 dissimile
1348 2977 1497 3013 omnino
1515 2987 1589 3012 non
1606 2979 1670 3018 est,
1696 2985 1779 3010 eum

69 3037 114 3073 ad
140 3048 198 3073 res
214 3037 351 3074 Athen.
378 3038 633 3075 describendas
660 3038 865 3083 aequalium
891 3038 1073 3074 orationes
1091 3049 1197 3083 saepe
1222 3040 1258 3073 et
1283 3041 1385 3083 grato
1410 3037 1532 3072 animo
1558 3035 1779 3076 adhibuisse.
