2138 3386
814 227 867 237 .-
932 165 1106 248 Μ’...

95 328 288 371 ,laudatus
308 340 436 380 neque
457 328 646 368 adversus
667 327 911 378 corruptelas
933 340 1144 366 munerum
1161 326 1258 367 satis
1274 326 1447 378 undique
1462 325 1639 366 munitus
1656 325 1807 374 fuisset,

103 398 352 453 vituperavit3
369 403 507 440 contra
518 399 638 439 vitam
649 399 840 451 privatam
852 399 959 438 omni
970 399 1058 439 labe
1065 411 1201 438 carere
1211 399 1336 438 affirm
1342 403 1382 438 at
1393 415 1401 446 ;
1415 398 1596 450 inprimis
1613 397 1809 438 laudabile

105 485 206 522 esse,
228 471 333 524 quod
353 471 616 512 multitudinis
639 471 918 523 cupiditatibus
939 484 1019 510 non
1042 470 1240 511 cessisset.
1283 469 1432 509 Deinde
1453 469 1660 509 Theoridis
1684 483 1809 510 sacer-

103 544 220 593 dotis,
253 556 373 595 quam
393 543 504 584 Dem.
527 542 625 583 nihil
646 542 791 582 veritus
813 543 852 582 in
875 543 936 582 ius
967 542 1199 590 vocavisset,
1232 541 1433 581 mentione
1464 541 1582 580 etiam
1613 541 1740 591 magis
1762 542 1810 581 de

103 615 167 658 via
195 615 399 667 depulsus,
433 628 533 666 quas
562 627 705 655 causas
727 615 931 663 oravisset,
967 614 1145 666 pluribus
1178 613 1387 665 explicavit
1418 613 1577 652 nescius
1608 613 1649 652 ni
1681 613 1807 661 fallor,

104 686 267 728 ubinam
300 691 438 738 postea
467 687 571 727 hanc
602 699 684 726 rem
717 686 859 726 melius
891 686 1094 726 absolvere
1126 690 1273 737 posset.

244 758 327 798 Iam
357 771 448 798 vero
475 771 510 800 c.
541 760 594 800 16
628 759 678 798 ad
709 757 956 809 propositum
989 758 1088 798 redit
1119 771 1246 809 neque
1277 757 1476 808 deinceps,
1517 756 1660 808 quibus
1693 757 1810 795 rebus

102 829 273 882 publicis
289 830 491 870 Demosth.
517 830 590 871 sibi
611 830 721 871 illam
741 830 1006 870 immortalem
1026 831 1185 870 laudem
1207 829 1412 881 pepererit,
1437 842 1634 880 exponere
1654 828 1810 868 desinit.

101 901 241 943 Verbis
262 900 412 957 φανερὰ
433 897 480 956 ἧν
501 902 627 954 ipsius
647 902 849 943 Plutarchi
871 902 1033 952 vestigia
1050 902 1301 953 aperiuntur;
1325 906 1477 953 spectat
1497 901 1603 940 haud
1624 899 1741 940 dubie
1762 902 1811 940 ad

102 974 381 1016 Demosthenis
402 980 517 1015 oratt.
541 974 804 1026 Philippicam
825 974 883 1022 ΙΙ.,
907 974 955 1014 de
972 973 1178 1022 cherson„
1201 973 1372 1025 Philipp.
1396 973 1477 1021 ΙΙΙ.;
1500 973 1564 1012 vix
1586 972 1693 1012 enim
1713 971 1812 1011 haec

102 1048 221 1088 verba
250 1047 301 1087 ad
331 1047 442 1087 Dem.
479 1047 545 1095 18,
581 1048 767 1086 20-22
802 1045 1007 1097 pertinent.
1067 1046 1275 1085 Praeterea
1305 1058 1380 1085 vox
1412 1041 1732 1087 διακαίοντος
1763 1057 1811 1084 ex

102 1133 136 1163 c.
173 1120 225 1160 18
259 1133 291 1159 s.
324 1133 378 1161 m.
413 1113 457 1173 (ἡ
489 1115 532 1156 δὲ
561 1120 628 1157 τοῦ
659 1112 824 1172 ῥήτορος
855 1113 1014 1171 δῦναμις
1047 1139 1099 1145 -—
1133 1114 1446 1156 διακαίουσα
1475 1115 1546 1170 τὴν
1576 1111 1810 1170 φιλοτιμίαν)

101 1191 267 1244 repetita
285 1192 522 1231 documento
545 1195 606 1230 est
621 1190 835 1230 Plutarcho
859 1191 979 1231 etiam
996 1190 1201 1242 sequentia
1221 1191 1271 1230 ob
1291 1190 1427 1229 oculos
1445 1189 1606 1231 versari.
1650 1188 1812 1228 Senten-

101 1263 247 1305 tiarum
277 1262 384 1304 enim
413 1262 680 1303 diversitatem
710 1262 821 1302 video
853 1263 1005 1302 nullam
1037 1262 1192 1310 (contra
1222 1262 1380 1312 Roesig.
1415 1275 1454 1313 p.
1488 1261 1575 1309 41).

242 1334 356 1376 Unde
386 1334 537 1386 reliqua
567 1334 685 1374 huius
717 1335 859 1386 capitis
897 1335 1041 1374 hausta
1082 1335 1161 1374 sint
1193 1347 1400 1386 quaerens,
1442 1333 1543 1373 inter
1573 1333 1813 1373 Aeschinem

101 1413 140 1448 et
161 1407 465 1459 Theopompum
487 1406 631 1447 dubius
650 1406 807 1449 haereo,
855 1406 971 1457 Nam,
996 1407 1101 1458 quod
1123 1407 1225 1449 Plut.
1248 1407 1296 1446 de
1317 1406 1596 1446 Demosthenis
1620 1405 1814 1456 legatione

101 1479 152 1521 ad
171 1479 401 1531 Philippum
431 1479 562 1527 tradit,
595 1479 646 1519 ab
666 1478 875 1528 Aeschine,
909 1479 976 1530 qui
1009 1479 1074 1528 (de
1096 1479 1122 1521 f.
1146 1480 1250 1529 legat
1271 1480 1292 1527 ξ
1317 1477 1389 1526 38)
1421 1479 1519 1518 haec
1551 1478 1687 1519 habet:
1721 1475 1813 1516 πολ-

99 1547 216 1595 λάκις
245 1561 322 1604 μοι)
352 1544 522 1603 τοῦνομα
551 1544 592 1589 ἐν
620 1552 702 1594 τοῖς
721 1547 854 1600 λόγοις
874 1544 1108 1603 ὠνομάζετο.
1140 1548 1237 1603 πρὸς
1264 1546 1307 1588 δὲ
1327 1544 1588 1604 Δημοσθένην
1618 1548 1682 1588 τὸν
1713 1543 1813 1588 οὕτω

99 1618 404 1673 καταγελάστως
425 1617 710 1666 ἀπαλλάξαντα
730 1615 811 1660 οὐδ’
832 1615 928 1674 ὑπὲρ
949 1616 1035 1666 ἑνὸς
1056 1616 1196 1675 οἶμαι
1217 1618 1410 1675 διελέχθη
1433 1635 1598 1672 prorsus
1616 1621 1813 1662 abhorret.

101 1695 236 1746 ltaque
277 1694 456 1745 quamvis
490 1693 701 1734 Schaefero
733 1694 765 1733 ΙΙ
800 1695 879 1734 191
925 1695 1215 1745 applaudamus
1258 1693 1446 1742 monenti,
1494 1707 1544 1733 ne
1574 1693 1814 1733 Aeschinem

102 1766 261 1819 quidem
283 1766 523 1806 confidenter
540 1765 776 1806 contendere
799 1766 942 1805 audere
963 1765 1192 1817 Philippum
1208 1765 1487 1805 Demosthenis
1515 1765 1632 1805 verba
1654 1765 1815 1804 omnino

101 1850 179 1878 non
211 1837 449 1889 respexisse,
482 1842 615 1876 tamen
646 1841 801 1877 tantum
832 1837 994 1877 interest
1026 1837 1127 1877 inter
1148 1838 1350 1877 Plutarchi
1382 1842 1420 1877 et
1440 1837 1650 1877 Aeschinis
1682 1838 1813 1885 verba,

101 1914 146 1950 ut
175 1922 222 1950 ea
252 1909 429 1950 conferre
460 1922 625 1960 prorsus
657 1922 737 1948 non
768 1909 896 1951 liceat.
949 1909 1084 1960 Itaque
1115 1914 1182 1949 aut
1203 1909 1416 1949 Plutarcho
1449 1909 1588 1960 ingens
1621 1910 1816 1960 quaedam

101 1981 260 2022 licentia
290 1979 496 2021 insolitave
518 1980 733 2021 memoriae
763 1980 972 2021 infirmitas
994 1981 1085 2020 vitio
1118 1986 1178 2021 est
1209 1982 1340 2021 danda
1371 1986 1439 2021 aut
1472 1970 1641 2032 scriptor
1673 1980 1815 2032 aliquis

102 2051 293 2104 aequalis,
317 2051 383 2104 qui
399 2051 609 2092 Aeschinis
631 2052 881 2092 mendacium
904 2058 1139 2102 correxerat,
1163 2053 1197 2093 ei
1220 2053 1258 2092 in
1282 2053 1466 2093 manibus
1489 2052 1573 2094 fuit.
1623 2052 1698 2100 Qui
1721 2054 1815 2104 quin

102 2123 387 2176 Theopompus
418 2124 546 2174 fuerit,
579 2124 743 2164 dubium
774 2138 853 2164 non
885 2125 968 2165 fore
999 2125 1196 2174 existimo,
1237 2139 1329 2165 cum
1361 2126 1409 2165 ad
1442 2124 1652 2165 Aeschinis
1685 2139 1816 2165 narra-

101 2195 250 2239 tionem
271 2190 337 2248 (de
359 2195 383 2236 f.
407 2197 482 2247 leg.
506 2198 527 2244 ἓ
552 2197 653 2237 112;
687 2191 818 2235 ἐκεῖνα
849 2193 892 2234 δὲ
922 2192 1000 2251 ἤδη
1021 2207 1058 2234 κ.
1080 2194 1232 2252 σφόδρα
1253 2193 1482 2250 διωρθοῦτο·
1504 2190 1577 2234 οὒκ
1608 2191 1725 2245 εἷπον,
1759 2191 1814 2241 ὡς

100 2264 228 2312 καλὸς
247 2261 292 2305 εἴ·
313 2265 408 2321 γονὴ
429 2266 504 2320 γὰρ
525 2270 600 2306 τῶν
621 2262 738 2306 ὄντων
759 2262 839 2306 ἐστὶ
859 2265 1079 2309 κάλλιστον.
1105 2262 1185 2307 οὐδ’
1206 2263 1260 2313 ὡς
1281 2265 1404 2313 δεινὸς
1419 2270 1607 2318 συμπιεῖν·
1630 2272 1817 2319 σπογγιᾶς

100 2337 166 2378 τὸν
184 2333 338 2378 ἔπαινον
357 2332 647 2392 ὑπολαμβάνων
667 2342 798 2378 τοῦτον
819 2334 923 2378 εἶναι.
945 2334 1026 2378 οὐδ’
1047 2334 1101 2384 ὡς
1122 2339 1370 2394 μνημονικός·
1392 2343 1575 2394 σοφιστοῦ
1591 2338 1640 2378 τὰ
1655 2343 1816 2378 τοιαῦτα

100 2408 264 2463 νομίζων
292 2405 595 2463 ἐργολαβοῦντος
626 2405 802 2464 ἐγκώμια
833 2406 945 2466 εἶναι)
978 2417 1016 2452 et
1039 2412 1321 2463 subsequentia
1343 2413 1461 2452 verba
1483 2406 1595 2461 (ὅθεν
1615 2405 1816 2450 ἐπαινοῦν-

100 2491 176 2520 των
197 2509 363 2520 ......
394 2477 603 2535 ἐγκώμιον)
635 2482 674 2522 in
697 2483 869 2534 Philippi
891 2484 1149 2534 ignominiam
1177 2483 1282 2523 dicta
1303 2483 1453 2535 optime
1474 2484 1678 2534 quadrent.
1713 2483 1814 2524 Nam

102 2557 259 2594 constat
282 2573 334 2580 —
358 2553 396 2593 id
428 2555 532 2606 quod
563 2568 684 2607 supra
716 2556 943 2596 monuimus
975 2578 1025 2584 —
1058 2556 1364 2607 Theopompum
1395 2556 1487 2595 data
1524 2569 1646 2607 opera
1676 2555 1815 2596 Demo-

103 2624 255 2665 sthenis
269 2638 427 2677 quoque
442 2627 755 2667 cavillationibus
769 2627 907 2668 nixum
919 2627 1091 2680 Philippi
1109 2628 1321 2678 imaginem
1335 2627 1537 2667 effinxisse
1554 2627 1793 2667 teterrimam
1806 2644 1814 2675 ;

103 2697 271 2737 eundem
292 2709 362 2736 cur
383 2696 592 2737 Aeschinis
614 2699 812 2739 orationes
835 2699 884 2740 ad
906 2713 991 2740 eam
1016 2713 1100 2740 rem
1122 2713 1201 2739 non
1224 2699 1465 2750 compilasse
1488 2699 1707 2750 putandum
1737 2699 1815 2739 sit?

171 2807 174 2810 .
246 2767 360 2817 Quod
391 2773 592 2819 utcunque
632 2782 675 2809 se
713 2770 843 2819 habet,
890 2785 937 2811 ex
970 2771 1114 2813 Aesch.
1149 2784 1205 2811 or.
1239 2771 1287 2811 de
1319 2771 1344 2813 f.
1379 2771 1454 2821 leg.
1489 2771 1527 2810 in
1560 2771 1663 2811 hanc
1694 2770 1814 2811 vitam

105 2843 261 2891 praeter
291 2839 366 2879 hos
397 2840 497 2879 duos
530 2840 640 2879 locos
673 2840 710 2889 (ἓ
746 2843 798 2882 38
831 2847 869 2882 et
903 2843 1004 2891 112)
1036 2843 1134 2882 nihil
1167 2842 1361 2882 transisse
1392 2842 1560 2888 invenio,
1601 2842 1676 2882 nisi
1711 2843 1816 2894 quod

103 2910 206 2953 Plut.
242 2923 276 2951 c.
309 2913 336 2951 4
363 2931 414 2938 -—
445 2925 523 2963 quo
551 2925 699 2963 quaeso
730 2913 920 2965 respicias
956 2935 1006 2941 —
1041 2915 1350 2954 Demosthenem
1379 2914 1507 2954 Batali
1540 2927 1759 2964 cognomen
1791 2928 1816 2954 a

103 2982 236 3037 pueris
259 2987 420 3038 propter
440 2982 644 3025 mollitiem
668 2985 846 3039 corporis
869 2986 1072 3040 accepisse
1104 2986 1234 3037 tradit,
1268 2986 1328 3028 cui
1363 2987 1532 3028 similem
1565 2985 1816 3028 traditionem
