2138 3386
1085 265 1372 309 ...50-

384 384 671 434 Demosthenis,
703 384 786 427 eius
817 384 1013 424 damnatio
1045 391 1082 425 et
1109 399 1216 426 mors
1237 387 1286 426 ad
1306 386 1558 425 illustrandos
1588 399 1718 426 mores
1738 387 1797 426 vel
1819 387 1948 438 potius
1967 387 2061 428 vitio.

383 455 657 495 Demosthenis
687 456 765 494 late
794 455 956 506 fuseque
986 461 1280 506 exaggerantur,
1314 456 1476 507 penuria
1506 456 1652 496 scilicet
1687 470 1818 497 rerum
1846 457 1887 497 in
1906 457 2060 498 civitate

384 528 551 577 regenda
572 527 771 578 praeclare
791 531 1001 577 gestarum.
1049 528 1182 578 Itaque
1203 540 1283 566 non
1304 527 1434 566 solum
1455 526 1628 577 stirpem,
1660 527 1701 566 in
1721 541 1798 578 qua
1817 529 1865 567 de
1885 528 2060 568 moribus

382 597 585 647 diligenter
616 596 839 648 expositum
869 610 956 636 esse
986 597 1145 646 scimus,
1178 599 1227 636 ad
1247 598 1407 636 verbum
1427 597 1506 636 fere
1527 598 1711 647 excussit,
1743 599 1812 638 sed
1832 598 1950 638 etiam
1968 599 2060 639 data

382 668 588 708 occasione
618 681 665 708 ex
697 667 863 707 aliorum
895 668 1131 718 scriptorum
1161 668 1326 709 lectione
1355 669 1544 708 nonnulla
1573 668 1634 708 his
1666 668 1816 710 adiecit.

521 751 633 798 Quod
654 762 857 801 quousque
878 750 1079 801 pertineat,
1112 763 1228 799 nunc,
1261 755 1451 801 quantum
1471 762 1647 801 possum,
1669 749 1934 801 explicaturus
1955 763 2056 790 sum.
2107 768 2117 779 ·

522 838 630 889 Cap.
662 840 716 878 24
743 838 914 889 priorem
944 843 1095 889 partem
1125 839 1262 891 eidem,
1295 839 1362 890 qui
1391 851 1454 878 res
1484 837 1695 878 Alexandri
1724 838 1931 886 recensuit,
1961 838 2058 879 fonti

380 909 521 951 tribuo.

519 991 677 1039 Deinde,
701 1004 801 1042 quae
817 993 864 1030 de
880 991 1054 1031 oratione
1069 992 1117 1031 de
1133 1004 1277 1031 corona
1291 992 1509 1039 traduntur,
1526 991 1568 1030 in
1582 990 1665 1030 eius
1682 990 1869 1030 orationis
1884 990 2059 1041 margine

379 1075 523 1111 magna
543 1075 591 1101 ex
612 1067 722 1113 parte
743 1062 940 1102 exstitisse
961 1068 1067 1113 puto.
1115 1063 1171 1101 De
1186 1062 1371 1112 Dionysio
1388 1062 1514 1103 Halic.
1532 1062 1590 1101 vel
1607 1061 1774 1102 Caecilio
1789 1061 1871 1101 Cal.
1889 1061 2060 1112 cogitare

380 1145 461 1172 non
491 1133 677 1182 cogimur,
702 1146 793 1172 cum
814 1134 985 1184 spatium
1005 1134 1140 1172 decem
1160 1146 1365 1181 annorum,
1395 1133 1498 1184 quod
1519 1132 1620 1171 Plut.
1642 1131 1911 1171 intercessisse
1930 1131 2059 1180 tradit,

383 1208 593 1254 antequam
614 1216 735 1243 causa
755 1204 796 1243 in
816 1204 1002 1243 iudicium
1021 1205 1286 1252 deduceretur,
1315 1217 1362 1242 ex
1385 1194 1572 1253 scriptore
1593 1207 1719 1242 aetate
1739 1202 1939 1253 superiore
1957 1214 2065 1253 repe-

383 1274 498 1313 titum
528 1286 615 1313 esse
646 1286 703 1323 eo,
737 1275 841 1325 quod
871 1274 951 1314 iam
978 1274 1113 1314 Cicero
1145 1287 1233 1314 eam
1263 1274 1594 1324 computationem
1615 1273 1770 1312 exhibet
1790 1273 1854 1321 (de
1873 1278 1953 1324 opt.
1974 1285 2062 1323 gen.

383 1357 438 1384 or.
466 1347 502 1391 7,
526 1344 609 1393 22),
643 1345 930 1395 comprobetur.
980 1345 1083 1392 Quin
1114 1345 1232 1384 etiam
1262 1344 1336 1383 hac
1366 1344 1466 1383 futili
1496 1343 1683 1394 temporis
1705 1343 1995 1395 computatione
2015 1343 2064 1382 ab

381 1415 442 1453 his
473 1415 565 1454 viris
598 1415 855 1454 subtilissimo
887 1415 1029 1455 iudicio
1061 1415 1246 1466 praeditis
1277 1414 1498 1454 avertimur.
1546 1414 1598 1453 At
1618 1414 1659 1453 in
1680 1414 1801 1466 stirpe
1820 1415 1944 1454 multo
1974 1418 2064 1454 ante

382 1485 610 1525 Ciceronem
631 1486 849 1537 composita
869 1485 944 1524 hoc
965 1485 1163 1525 exstitisse
1182 1485 1363 1536 equidem
1382 1498 1462 1524 non
1481 1497 1668 1535 repugno,
1692 1484 1726 1524 si
1740 1486 1857 1524 modo
1873 1485 1938 1524 ille
1953 1485 2063 1524 locus

382 1556 609 1606 excipiatur,
643 1569 720 1608 quo
742 1557 843 1596 Plut.
867 1570 914 1596 ex
948 1556 1081 1607 spurio
1113 1556 1191 1604 illo,
1225 1557 1329 1606 quod
1360 1556 1583 1595 etiamnunc
1612 1556 1634 1602 ἓ
1668 1557 1722 1595 54
1754 1568 1813 1606 sq.
1836 1567 1893 1596 or.
1915 1556 1963 1594 de
1983 1561 2062 1594 cor.

380 1627 531 1676 legitur,
566 1628 769 1679 plebiscito
802 1627 1055 1667 Chaerondae
1085 1627 1284 1666 archontis
1315 1639 1460 1666 nomen
1490 1626 1530 1665 in
1560 1626 1705 1665 librum
1733 1612 1891 1677 recepit.

522 1715 583 1756 Ca
593 1729 631 1767 p.
657 1718 710 1756 25
733 1721 777 1756 et
799 1719 851 1756 26
876 1716 982 1756 init.
1007 1716 1253 1756 continentur
1282 1717 1435 1755 famosa
1460 1716 1528 1754 illa
1547 1715 1821 1766 Harpalica.
1863 1713 2061 1765 Harpalus

379 1787 464 1825 sine
499 1778 617 1826 dubio
649 1788 698 1826 ab
729 1787 912 1827 omnibus
943 1800 1075 1827 rerum
1104 1788 1316 1827 Alexandri
1347 1786 1602 1837 scriptoribus
1632 1787 1744 1825 valde
1775 1785 2060 1833 celebrabatur3

379 1870 472 1896 nam
492 1857 593 1897 Plut.
617 1857 657 1896 in
677 1858 788 1899 Alex.
812 1859 889 1897 vita
917 1859 964 1897 de
994 1871 1039 1897 eo
1073 1871 1190 1909 saepe
1211 1863 1249 1897 et
1269 1858 1392 1897 multa
1413 1857 1597 1896 disseruit
1618 1857 1669 1906 (c.
1697 1857 1761 1904 10,
1786 1858 1854 1904 22,
1879 1857 1946 1904 35,
1970 1855 2054 1904 41),
2072 1849 2080 1856 ’

379 1933 416 1967 et
436 1928 476 1967 in
498 1929 596 1968 vitas
617 1929 1021 1980 Pseudoplutarcheas
1043 1930 1199 1980 irrepsit
1219 1929 1302 1968 eius
1324 1929 1481 1977 mentio,
1514 1928 1737 1978 ubicunque
1757 1928 1867 1967 locus
1898 1927 2062 1966 dabatur

379 1999 433 2049 (p.
469 2001 578 2039 846a
610 2013 683 2051 sq„
718 2001 830 2049 848f,
865 2000 1002 2048 8500).
1064 2001 1107 2039 ln
1137 2000 1411 2039 Demosthenis
1441 1999 1519 2038 vita
1549 2003 1711 2048 apparet
1740 1998 1994 2037 Plutarchum
2023 2002 2060 2037 et

380 2070 636 2121 scriptoribus
657 2084 788 2110 rerum
802 2071 1015 2110 Alexandri
1034 2071 1086 2111 M.
1105 2076 1142 2110 et
1163 2071 1295 2122 stirpis
1317 2069 1619 2110 narratiunculis
1641 2073 1678 2107 et
1700 2069 1954 2120 Theopompo
1975 2068 2057 2108 niti.

378 2140 454 2179 Sed
475 2140 591 2179 certis
613 2141 755 2180 finibus
777 2141 947 2190 definire,
977 2141 1068 2192 quid
1089 2141 1207 2190 illinc,
1232 2142 1323 2192 quid
1343 2141 1434 2180 hinc
1455 2139 1726 2190 assumpserit,
1751 2151 1942 2190 perquam
1963 2138 2059 2178 diffi-

377 2211 448 2250 cile
479 2218 559 2259 est;
592 2225 684 2251 nam
716 2212 802 2263 quis
835 2212 928 2251 certi
961 2212 1172 2263 quicquam
1194 2217 1362 2251 statuere
1384 2212 1547 2260 studeat,
1581 2210 1687 2261 quin,
1720 2223 1811 2249 cum
1831 2210 1958 2248 fontes
1978 2221 2058 2248 non

376 2281 472 2320 satis
505 2287 746 2327 succurrant,
777 2282 1013 2321 harioletur?
1064 2283 1197 2333 Itaque
1217 2283 1405 2320 nonnulla
1427 2281 1763 2320 animadversione
1783 2280 1901 2330 digna
1921 2280 2057 2320 afferre

377 2352 556 2392 sufficiat.

432 2485 434 2487 q
517 2435 559 2477 C.
580 2439 631 2476 25
648 2435 730 2475 init.
754 2449 846 2474 voce
868 2429 1260 2489 ἐποφθαλμιάσαντες
1281 2436 1329 2473 ad
1346 2434 1552 2485 Hyperidis
1575 2434 1769 2474 orationes
1793 2433 2055 2485 perducimur;

374 2520 466 2545 nam
496 2507 635 2546 Pollux
669 2509 705 2555 2,
741 2508 792 2546 62
828 2506 1028 2556 (Hyperid.
1061 2507 1198 2555 fragm.
1225 2507 1305 2545 258
1330 2506 1387 2544 ed.
1411 2505 1543 2553 Blass)
1575 2506 1686 2545 docet
1717 2504 1912 2544 hocrvtott
1942 2499 2067 2558 ὲποφ-’

372 2574 547 2629 θαλμιᾱν
586 2576 628 2615 τὸ
667 2572 867 2629 ἐπιθυμεῖν
902 2587 1015 2623 τινος,
1056 2575 1124 2614 καὶ
1160 2570 1425 2630 ὣφθαλμίασε
1461 2575 1504 2613 τὸ
1540 2570 1786 2630 ἐπεθύμησεν
1821 2569 2053 2628 Ὑπερείδης.

374 2648 578 2687 Neminem
595 2649 691 2698 fugit
707 2649 781 2687 hoc
798 2649 836 2687 in
851 2649 952 2699 Hyp.
970 2661 1024 2687 or.
1039 2649 1122 2687 adv.
1141 2648 1340 2686 Demosth.
1362 2647 1552 2698 scriptum
1577 2647 1710 2696 fuisse,
1733 2646 1843 2686 cuius
1857 2645 2060 2686 orationis.

373 2719 449 2757 alia
467 2732 622 2770 quoque
638 2725 771 2770 patent
786 2720 960 2768 vestigia,
980 2718 1013 2758 si
1030 2720 1146 2758 modo
1164 2718 1373 2757 contuleris
1391 2719 1528 2768 fragm.
1544 2719 1595 2758 12
1607 2718 1722 2757 Blass
1734 2731 1770 2768 p.
1786 2719 1837 2758 16
1851 2730 1884 2756 v.
1899 2718 1951 2758 13
1965 2729 2051 2767 sqq.

371 2802 461 2828 cum
493 2803 550 2838 eo,
584 2792 687 2841 quod
718 2790 951 2829 Plutarchus
983 2803 1015 2828 c.
1042 2791 1092 2829 25
1119 2802 1149 2828 s.
1173 2803 1224 2827 m.
1249 2794 1285 2828 et
1307 2802 1338 2828 e.
1365 2791 1416 2828 26
1450 2789 1502 2831 in.
1534 2790 1668 2837 refert3
1701 2792 1816 2838 atque
1846 2783 2054 2826 verisimile

372 2865 430 2898 est
461 2860 500 2899 in
532 2860 652 2911 stirpe
683 2860 815 2900 omnia
846 2861 894 2900 ad
926 2861 1027 2899 hanc
1058 2873 1142 2899 rem
1173 2859 1389 2910 spectantia
1420 2873 1510 2899 cum
1541 2873 1586 2898 ex
1618 2859 1792 2898 oratione
1813 2859 1928 2897 modo
1949 2869 2052 2897 com-

371 2936 586 2971 memorata
623 2937 706 2970 tum
744 2944 790 2971 ex
835 2931 921 2970 aliis
954 2931 1228 2982 scriptoribus,
1270 2931 1499 2981 plerumque
1528 2929 1749 2969 fabularum
1780 2928 2050 2977 sectatoribus,

370 3001 513 3042 collata
545 3003 684 3051 fuisse;
717 3002 832 3052 velut,
866 3003 970 3053 quod
1001 3003 1048 3042 de
1078 3003 1219 3054 poculo
1252 3007 1442 3052 narratur,
1475 3015 1522 3041 ex
1543 3000 1708 3052 Lynceo,
1741 2999 1897 3040 Duridis
1918 2999 2047 3050 fratre,
