2138 3386
783 235 1074 282 ..11-

80 356 306 413 Hermippi»
321 358 446 402 ‘vitam
479 358 757 403 Demosthenis
794 359 859 400 hic
890 359 940 400 ob
971 360 1109 400 oeulos
1146 358 1333 399 habuisse
1368 347 1616 399 existimem.³
1655 353 1784 405 Quam

85 433 323 475 sententiam
341 431 386 473 G.
408 431 549 474 Muller
571 432 635 483 (fr.
657 432 696 473 h.
720 433 787 474 Gr.
809 432 858 472 111
881 431 951 479 50)
982 432 1150 483 probare
1169 430 1332 471 videtur.
1365 429 1627 480 Hermippum
1658 427 1785 467 virum

85 503 192 551 circa
206 515 363 545 omnem
381 504 591 546 historiam
606 505 832 555 diligentem
844 504 968 544 fuisse
982 504 1028 544 fr.
1046 504 1114 551 21,
1137 505 1320 543 accurate
1333 501 1372 541 in
1390 502 1517 541 fontes
1535 498 1787 550 inquisivisse

85 575 132 617 fr.
157 579 210 619 58
232 577 432 618 docemur.
482 576 542 617 Ac
568 589 611 617 re
636 589 739 625 vera,
771 581 963 628 quantum
993 588 1083 616 eum
1114 574 1309 622 novimus,
1342 572 1439 612 nihil
1461 572 1566 622 quod
1587 572 1636 611 ad
1659 583 1784 618 suam,

85 661 209 702 qum
237 651 478 693 tractaturus
509 653 604 698 erat,
637 648 845 690 materiam
875 647 1063 689 traditum
1093 650 1210 694 esset,
1243 645 1294 686 ab
1315 657 1361 684 eo
1393 648 1462 684 aut
1493 642 1689 683 omissum
1721 645 1789 681 aut

85 724 263 773 spremm
293 725 376 769 θεῖς
416 733 494 772 quo
526 720 675 762 factum
705 725 778 769 est,
816 725 859 760 ut
889 719 1037 771 posteri
1068 718 1174 759 circa
1205 729 1345 768 agrum
1375 716 1426 756 ab
1455 715 1531 754 hoc
1561 715 1789 754 demessum

83 791 151 837 vix
179 791 392 843 quicquam
421 792 512 832 novi
542 791 831 843 investigarent.
842 788 874 840 ι)
922 790 1023 831 Cum
1054 795 1187 831 autem
1206 789 1309 829 Plut.
1341 800 1376 828 c.
1401 790 1425 829 5
1457 786 1630 839 primum
1662 785 1790 824 tradat

86 863 396 907 Demosthenem
417 863 642 904 Callistrato
675 863 808 904 audito
839 863 979 903 ceteris
1000 862 1219 914 disciplinis
1250 859 1396 901 relictis
1427 858 1717 899 declamitando
1750 869 1793 896 se

86 934 327 984 exercitisse,
357 939 443 974 tum
473 935 588 986 quasi
618 934 658 975 in
687 940 919 975 transcursu
941 947 1028 985 cap.
1053 937 1076 974 5
1099 938 1197 973 extr.
1220 932 1363 972 adiciat
1393 935 1553 971 auctore
1572 928 1791 980 Hermippo

85 1006 394 1049 Demosthenem
414 1006 592 1047 Platonis
614 1006 654 1046 in
674 1006 932 1046 Academiam
953 1005 1120 1054 venisse,
1154 1017 1272 1055 porro
1294 1017 1357 1054 ap.
1381 1003 1480 1045 Gell.
1499 1002 1547 1042 Ill
1571 1003 1622 1042 13
1647 999 1792 1040 similia

86 1077 351 1130 Hermippum
378 1077 589 1118 tradidisse
615 1078 807 1129 legamus,
840 1082 1006 1129 apparet
1036 1075 1298 1128 Hermippum
1329 1075 1377 1114 de
1398 1073 1527 1126 prima
1547 1072 1791 1113 institutione

87 1149 366 1194 Demosthenis
379 1149 538 1195 uberius
551 1149 800 1198 disseruisse,
818 1149 882 1189 hic
899 1149 991 1197 illic,
1014 1153 1058 1188 ut
1073 1149 1299 1188 etiamnunc
1312 1146 1448 1187 multis
1463 1146 1548 1186 eius
1561 1143 1791 1196 fragmentis

87 1220 380 1272 cognoscimuS,
402 1221 610 1262 addentem
619 1236 633 1263 ι,
652 1214 707 1265 ὡς
722 1216 812 1259 ἔνιοί
833 1230 947 1274 φασιν
962 1226 1000 1261 et
1018 1220 1174 1261 similia.
1207 1219 1328 1269 Igitur
1344 1218 1426 1258 sive
1446 1217 1533 1269 ipse
1548 1215 1792 1267 Hermippus

86 1292 127 1335 in
150 1292 402 1335 'sententiam
440 1291 485 1335 iit
515 1292 751 1332 tradentium
790 1292 1098 1332 Demosthenem
1135 1293 1426 1332 adolescentem
1462 1295 1548 1330 tum
1585 1289 1792 1328 Platonem

85 1363 304 1413 audivisse,
345 1375 441 1404 cum
470 1362 686 1404 Callistrati
724 1365 948 1415 eloquentia
987 1363 1251 1411 alliciebatur,
1295 1363 1375 1403 sive
1406 1362 1524 1402 huius
1555 1358 1792 1400 narrationis

86 1439 291 1488 tamquam
311 1449 335 1476 a
354 1435 492 1476 multis
522 1436 711 1488 probatae
741 1436 911 1476 fortasse
936 1436 1067 1477 verbis
1096 1430 1150 1479 ὡς
1180 1430 1270 1473 ἔνιοί
1300 1444 1414 1488 φασιν
1440 1434 1680 1474 mentionem
1711 1435 1793 1471 tan·

87 1512 174 1554 tum
203 1507 306 1558 fecit,
339 1520 514 1559 quocum
533 1507 757 1548 Gellianum
778 1501 981 1559 ‘scriptum
1005 1501 1076 1548 est’
1102 1506 1310 1546 convenire
1342 1506 1503 1554 videtur,
1536 1503 1794 1545 Plutarchum

88 1579 295 1631 Hermippi
324 1579 499 1629 vestigiis
529 1579 724 1620 institisse
760 1585 912 1619 certum
943 1584 1004 1619 est
1041 1579 1095 1618 ita
1134 1583 1177 1618 ut
1207 1583 1276 1618 aut
1307 1578 1390 1617 eius
1422 1575 1659 1617 sententiam
1691 1587 1795 1614 com·

89 1651 274 1703 probaret
293 1655 363 1691 aut
383 1651 484 1691 alius
506 1650 713 1702 scriptoris
734 1652 839 1702 apud
860 1651 1124 1703 Hermippum
1150 1651 1313 1691 allatam
1334 1649 1565 1690 relationem
1586 1647 1795 1700 probabili-

81 1735 199 1774 1orem
229 1727 348 1774 atque
378 1722 688 1774 commodiorem
719 1736 808 1763 esse
829 1728 996 1774 putaret.
1040 1723 1157 1774 Apud
1178 1722 1390 1773 Hegesiam
1410 1722 1632 1772 Magnetem
1663 1724 1795 1760 autem

88 1794 198 1834 illam
219 1795 395 1834 fabulam
415 1795 466 1834 ab
487 1794 706 1846 Hermippo
728 1795 927 1834 inventam
949 1809 1038 1835 esse
1058 1794 1232 1835 maxime
1254 1794 1456 1845 probabile
1476 1798 1548 1842 est,
1571 1805 1664 1833 cum
1684 1791 1797 1831 illum

88 1865 232 1922 fabulis
249 1870 287 1906 et
297 1865 533 1906 commentis
549 1879 641 1906 cum
651 1866 822 1906 oratorio
831 1867 920 1906 fuco
930 1867 1160 1906 enarrandis
1174 1879 1310 1905 curam
1328 1864 1591 1916 impertivisse
1609 1863 1796 1918 sciamus.

231 1936 428 1995 Quoniam
448 1937 523 1977 hac
545 1937 776 1988 quaestione
804 1938 981 1978 effecisse
1010 1951 1074 1977 me
1104 1942 1198 1989 puto
1230 1938 1382 1977 nullam
1409 1948 1573 1976 causam
1594 1948 1695 1983 esse,
1728 1947 1799 1974 cur

89 2008 186 2049 illud
209 2009 313 2060 quod
335 2007 523 2048 traditum
545 2014 617 2057 est,
650 2009 958 2049 Demosthenem
980 2010 1194 2049 admodum
1215 2010 1506 2049 adolescentem
1528 2007 1798 2047 Callistratum

89 2079 300 2128 audivisse,
334 2080 599 2132 posteriorum
621 2093 710 2120 esse
731 2086 999 2120 commentum
1021 2081 1306 2129 existimemus,
1341 2085 1566 2131 postremus
1590 2078 1655 2130 qui
1677 2082 1800 2118 restat

89 2165 199 2192 error
228 2151 433 2202 Roesigeri
464 2152 662 2191 tollendus
694 2156 766 2192 est.

231 2223 289 2263 Ex
312 2236 358 2263 eo
380 2223 486 2262 enim
514 2224 619 2274 quod
641 2222 749 2263 Suid.
775 2218 920 2268 Ἰσαῖος
941 2225 1086 2264 tradat:
1119 2218 1343 2277 Δημήτριος
1373 2219 1417 2260 δὲ
1448 2217 1657 2260 Χαλκιδέα
1686 2218 1801 2276 φησὶν

89 2287 205 2333 αἰπὺν
234 2288 339 2332 εἶναι·
369 2288 482 2338 οὗτος
513 2290 556 2332 δὲ
577 2288 784 2333 ἐπαινεῖται
803 2293 872 2333 ’καὶ
893 2289 947 2339 ὡς
967 2290 1228 2350 Δημοσθένην
1257 2289 1399 2348 ἀμισθὶ
1429 2293 1664 2346 προαγαγών
1695 2293 1801 2333 colli-

90 2360 260 2416 gendum
291 2379 381 2406 esse
409 2366 512 2406 Plut.
543 2379 575 2406 c.
611 2369 648 2414 5,
672 2366 739 2406 ubi
770 2368 899 2407 tradat
929 2367 1248 2415 Demosthenem,
1283 2379 1374 2406 cum
1404 2370 1564 2417 propter
1591 2365 1800 2404 orbitatem

90 2437 252 2478 Isocrati
289 2438 426 2478 decem
466 2438 595 2478 minas
634 2438 857 2489 persolvere
895 2451 976 2478 non
1008 2439 1213 2490 potuisset,
1252 2438 1363 2477 Isaeo
1396 2441 1650 2488 praeceptore
1682 2448 1800 2475 usum

90 2512 191 2558 esse,
225 2504 469 2549 Demetrium
499 2509 550 2549 M.
585 2514 676 2549 ante
707 2510 844 2550 oculos
876 2509 1077 2550 habuisse.
1111 2509 1245 2559 (Roes.
1280 2523 1318 2561 p.
1354 2510 1407 2549 38
1441 2507 1543 2556 init.)

77 2582 84 2587 '
112 2582 113 2585 ’
232 2579 344 2628 Quae
374 2593 438 2619 res
470 2593 548 2631 quo
580 2580 735 2632 planior
766 2582 835 2621 fiat
855 2594 929 2621 nos
951 2595 1031 2621 non
1048 2586 1092 2621 ut
1111 2579 1325 2631 Roesigero
1349 2579 1496 2631 placuit
1517 2591 1645 2630 pauca
1666 2578 1795 2626 verba,

91 2652 161 2692 sed
181 2657 309 2692 totum
339 2652 471 2691 locum
499 2652 713 2701 afferimus,
746 2666 820 2692 nec
843 2653 1007 2693 Suidam
1029 2652 1244 2704 sequimur,
1280 2653 1349 2692 sed
1370 2650 1802 2702 Harpocrationem

91 2737 210 2775 quem
240 2724 290 2763 ab
321 2723 389 2762 illo
421 2723 664 2773 exscriptum
687 2729 724 2763 et
746 2729 906 2764 auctum
928 2738 1016 2764 esse
1038 2729 1214 2775 apparet.
1258 2723 1396 2763 Tradit
1416 2723 1522 2763 enim
1543 2723 1627 2762 hic:
1660 2715 1803 2766 Ἰσαῖος

91 2787 147 2838 εἷς
177 2793 246 2846 μέν
285 2788 364 2832 ἐστι
399 2797 474 2832 τῶν
513 2790 612 2831 δέκα
652 2788 838 2848 ῥητόρων,
879 2793 1069 2849 μαθητὴς
1107 2792 1150 2833 δὲ
1180 2790 1441 2847 Ἰσοκράτους,
1482 2790 1722 2837 διδάσκαλος
1761 2789 1804 2830 δέ

91 2859 386 2920 Δημοσθένους,
419 2860 641 2920 Ἀθηναῖος
670 2864 714 2904 τὸ
745 2866 854 2915 γένος
886 2864 1004 2916 [καθ’
1037 2863 1064 2905 ἅ
1095 2878 1209 2922 φησιν
1234 2861 1461 2920 Ἕρμιππος
1491 2860 1531 2904 ἐν
1561 2862 1584 2917 β
1614 2863 1702 2917 περὶ
1731 2867 1806 2902 τῶν

235 2952 264 3001 ²)
292 2957 464 3002 Roesiger
498 2969 580 2994 cum
615 2958 710 2992 dicat
736 2958 973 3003 Hermippum
1007 2960 1245 3005 plurimarum
1278 2958 1485 2995 fabularum
1516 2957 1802 2993 inventorem

93 3016 206 3055 fuisse
232 3016 375 3062 ignorat
400 3016 637 3054 subtilitatem
664 3017 864 3067 Hermippi.
