2138 3386
803 207 1091 256 affl...

102 328 253 375 lucetiis
283 340 438 387 quoque
469 339 587 374 usum
618 339 719 383 e's'se,
752 329 897 374 deserit
927 339 966 374 et
995 334 1123 374 verbis
1159 334 1239 374 iam
1261 331 1420 386 saepius
1442 334 1668 374 memoratis
1690 345 1724 376 c.
1751 334 1801 374 11

101 410 199 448 extr.
231 405 335 446 hanc
363 418 450 445 rem
479 418 504 445 a
534 405 640 445 fonte
670 405 789 446 etiam
819 405 979 445 uberius
1012 405 1086 444 sibi
1117 403 1290 444 oblatam
1323 404 1523 456 praecidit.

240 476 367 518 Hisce·
401 482 554 528 septem
593 476 788 529 capitibus
819 476 1055 516 Plutarchus
1099 475 1214 516 solito
1245 474 1404 516 uberius
1436 481 1554 527 atque
1585 491 1608 516 a
1639 476 1801 525 ratione,

99 560 221 599 quam
249 560 284 588 c.
311 550 336 591 8
363 547 482 588 huius
514 547 640 600 ipsius
672 548 772 587 vitae
804 548 1007 599 professus
1039 551 1110 596 est,
1143 546 1349 586 discedens
1381 546 1575 598 exposuit,
1610 546 1804 598 quomodo

97 619 383 660 Demosthenes
423 620 473 659 ad
511 632 711 659 summum
742 619 838 658 artis
871 619 1036 669 gradum
1067 617 1296 658 escenderit.
1361 617 1475 658 Talia
1507 618 1556 658 ab
1587 618 1804 669 Hermippo

96 690 264 736 tractata
290 703 380 731 esse
400 695 439 731 et
459 690 576 730 certis
599 690 722 740 signis
743 684 807 743 (ἐκ
826 686 1101 743 τοὺτουόδόξαν
1121 683 1226 742 εἶχεν
1246 683 1301 733 ὡς
1321 682 1395 727 οὐκ
1416 683 1563 742 εὐφυὴς
1584 683 1637 727 ὢν
1657 699 1693 726 κ.
1715 700 1746 726 τ.
1767 685 1803 726 λ.

92 762 186 803 eeu.
208 775 299 804 cum
322 762 529 814 Hermippi
551 763 598 802 fr.
622 761 694 811 59)
724 766 763 801 et
793 761 877 801 eius
910 761 1051 810 studio,
1084 765 1128 801 ut
1159 775 1183 801 a
1213 760 1391 812 partibus
1423 761 1549 812 plebis
1581 761 1804 812 praeclaros

95 833 200 874 viros
232 834 390 874 stetisse
420 837 758 882 commonstraret,
792 832 1040 884 comprobari
1073 832 1152 872 iam
1184 845 1306 883 supra
1338 831 1517 872 indicavi.

236 905 375 958 Neque
409 910 542 946 autem
583 905 769 945 credibile
806 909 867 944 est
907 917 997 944 eum
1036 904 1134 944 haec
1176 903 1309 943 omnia
1341 908 1423 943 tam
1454 904 1562 955 large
1593 903 1804 944 Plutarcho

94 977 387 1029 suppeditasse,
419 990 513 1016 nam
546 976 727 1029 quamvis
759 981 918 1016 auctore
938 975 1097 1026 Dionys
1122 975 1249 1017 Halic.
1275 975 1337 1023 (fr.
1362 975 1434 1023 58)
1465 970 1633 1030 ἀκριβὴς
1659 970 1698 1014 ἐν
1726 978 1807 1020 τοῖς

93 1043 231 1093 ἄλλοις
260 1048 388 1097 fuerit,
421 1053 554 1088 tamen
582 1048 685 1097 inde,
719 1048 822 1099 quod
843 1048 892 1087 de
913 1048 1022 1087 Isaeo
1054 1047 1151 1086 nihil
1172 1046 1250 1086 nisi
1270 1047 1367 1086 haec
1389 1047 1505 1087 dixit:
1539 1044 1804 1102 καθηγήσατο

91 1113 388 1174 Δημοσθένους,
409 1118 627 1170 συνεγένετο
648 1115 691 1157 δὲ
711 1122 789 1164 τοῖς
810 1114 979 1172 ἀρίστοις
999 1121 1073 1156 τῶν
1100 1114 1323 1172 φιλοσόφων
1348 1118 1610 1168 colligendum
1633 1124 1692 1158 est
1714 1132 1804 1158 eum

91 1191 334 1238 brevioribus
365 1191 494 1231 verbis
525 1196 564 1231 et
593 1192 642 1231 de
670 1191 832 1242 reliquis
864 1190 1085 1230 oratoribus
1118 1195 1156 1229 et
1187 1190 1406 1229 illustribus
1436 1189 1528 1229 viris
1551 1190 1799 1230 disseruisse.

91 1262 291 1314 Cogimur*
308 1262 351 1303 in
381 1263 548 1303 eandem
581 1262 816 1303 sententiam
847 1262 903 1302 eis
936 1275 1037 1314 quae
1059 1261 1255 1313 capitibus
1280 1263 1419 1303 9—11
1446 1262 1674 1310 traduntur3
1707 1276 1799 1301 nam

91 1333 183 1375 licet
213 1333 319 1387 prior
351 1347 445 1386 pars
467 1333 519 1384 (c.
545 1334 588 1383 9)
611 1335 661 1374 ab
693 1347 739 1374 eo
772 1335 948 1385 profecta
980 1334 1043 1382 sit,
1077 1338 1209 1373 tamen
1230 1333 1501 1373 Eratosthenis
1533 1338 1571 1373 et
1600 1333 1798 1372 Aristonis

91 1405 290 1448 mentione
319 1405 370 1447 ab
400 1419 446 1446 eo
477 1406 699 1447 avertimur.
746 1405 893 1445 Contra
914 1419 948 1446 e.
974 1407 1026 1447 11
1051 1410 1133 1445 tam
1157 1405 1304 1445 diserta
1324 1404 1532 1456 Hermippi
1563 1405 1708 1444 mentio
1741 1405 1796 1454 fit,

89 1483 134 1519 ut
163 1482 354 1530 appareat
383 1491 475 1518 eum
505 1477 684 1529 proxime
715 1477 985 1518 antecedentia
1016 1477 1134 1516 verba
1160 1477 1361 1517 Plutarchi
1391 1476 1541 1516 auctori
1573 1477 1622 1516 ad
1654 1489 1795 1516 manus

90 1549 266 1598 dedisse;
297 1562 370 1590 nec
401 1562 472 1590 cur
502 1549 653 1601 reliqua
684 1562 732 1589 ex
765 1562 810 1589 eo
840 1562 920 1588 non
951 1549 1147 1598 fluxerint,
1180 1549 1303 1588 ullam
1335 1561 1499 1588 causam
1530 1547 1696 1599 reperio,

231 1621 336 1661 Num
357 1633 392 1663 c.
417 1622 441 1661 9
464 1621 591 1660 forma
611 1620 755 1671 dialogi
777 1635 800 1660 a
821 1621 1045 1669 Plutarcho,
1069 1621 1134 1672 qui
1156 1620 1239 1660 eius
1262 1621 1474 1660 admodum
1495 1633 1635 1659 amans
1668 1619 1795 1668 fuerit,

89 1698 282 1748 usurpata
311 1706 364 1733 an
394 1706 442 1734 ex
473 1693 580 1733 fonte
611 1692 797 1744 primario
829 1693 1021 1737 translata
1053 1691 1122 1741 sit,
1165 1693 1214 1732 ad
1245 1705 1329 1731 rem
1360 1705 1439 1731 non
1471 1691 1660 1743 pertinet;
1703 1704 1795 1730 nam

89 1770 205 1815 certe,
239 1778 339 1817 quae
369 1764 444 1804 hoc
476 1764 605 1816 capite
636 1764 896 1813 continentur,
929 1777 1009 1804 non
1030 1764 1116 1815 ipse
1137 1764 1303 1814 collegit,
1339 1764 1407 1803 sed
1438 1764 1595 1803 aliunde
1626 1763 1649 1802 i.
1678 1775 1710 1802 e.
1745 1776 1793 1802 ex

89 1836 212 1888 stirpe
219 1835 371 1884 hausit;
383 1836 496 1885 addo,
509 1836 613 1887 quod
622 1835 698 1875 hoc
709 1849 795 1887 cap.
808 1836 856 1875 de
864 1834 1040 1886 Pythone
1053 1836 1230 1884 refertur,
1244 1839 1423 1886 spectare
1434 1835 1483 1874 ad
1495 1835 1606 1874 Dem.
1615 1837 1634 1874 1
1642 1835 1680 1883 8,
1696 1838 1715 1876 1
1725 1836 1791 1874 36.

230 1907 328 1948 Item
349 1907 556 1960 paululum
575 1907 694 1947 refert
715 1912 753 1947 et
773 1907 931 1947 difficile
951 1907 1059 1947 dictu
1081 1911 1153 1956 est,
1176 1920 1273 1946 num
1296 1920 1329 1947 c.
1351 1907 1488 1947 5—11
1511 1905 1794 1957 Theopompea

86 1977 230 2027 insint3
262 1978 296 2019 si
326 1978 474 2028 insunt,
506 1978 743 2018 Plutarchus
775 1992 821 2018 ea
851 1979 915 2018 vix
947 1979 1109 2027 adiecit;
1140 1979 1245 2018 idem
1265 1978 1329 2018 vix
1351 1991 1399 2017 ex
1422 1978 1509 2018 aliis
1533 1978 1792 2030 scriptoribus

87 2050 174 2103 ipse
205 2050 415 2102 supplendi
447 2063 568 2090 causa
600 2050 813 2102 quicquam
843 2051 1020 2099 intrusit;
1062 2064 1158 2091 nam
1196 2050 1344 2089 fontem
1375 2054 1459 2089 tam
1490 2050 1598 2100 large
1629 2049 1793 2089 fluxisse

87 2126 263 2175 apparet,
301 2126 346 2161 ut
376 2134 468 2162 eum
499 2121 739 2174 praecidisse
770 2122 902 2174 potius
935 2136 1056 2174 quam
1089 2121 1355 2174 amplificasse
1386 2121 1562 2161 videatur
1594 2122 1659 2170 (cf.
1692 2134 1793 2173 quae

86 2193 241 2246 Psplut.
273 2198 312 2233 et
341 2193 454 2233 Phot.
488 2198 526 2233 et
556 2193 774 2234 Philodem.
808 2207 840 2234 c.
871 2194 968 2234 rhet.
1004 2196 1043 2243 4,
1081 2195 1132 2234 16
1167 2207 1226 2245 sq.
1261 2207 1298 2245 p.
1335 2194 1417 2233 122
1441 2206 1499 2244 sq.
1523 2206 1571 2233 ex
1593 2193 1791 2232 Demetrio

86 2265 327 2317 repetierunt
356 2277 448 2305 cum
486 2264 562 2315 eis,
602 2279 705 2317 quae
735 2266 837 2306 Plut.
871 2266 1068 2314 exhibet);
1109 2269 1310 2316 praeterea
1341 2264 1532 2304 nonnulla
1563 2264 1602 2303 in
1634 2269 1790 2316 tempus

85 2336 308 2386 reservavit,
341 2341 383 2376 ut
416 2350 488 2377 suo
519 2337 690 2389 quidque
721 2338 808 2378 loco
840 2342 1026 2378 uteretur.

229 2408 341 2461 Cap.
367 2410 420 2449 12
442 2408 525 2449 init.
548 2409 697 2449 maiore
718 2423 765 2449 ex
797 2415 908 2462 parte
928 2410 1166 2449 Plutarchus
1196 2409 1282 2461 ipse
1313 2407 1588 2461 composuisse
1618 2408 1789 2461 videtur3

84 2493 181 2521 nam
209 2481 328 2520 verba
357 2474 517 2534 ὥρμησε
547 2479 617 2534 μὲν
644 2510 653 2518 .
676 2509 684 2519 .
707 2509 716 2518 .
747 2484 983 2525 συνεστῶτος
1015 2482 1063 2521 ad
1095 2482 1206 2521 Dem.
1244 2482 1309 2529 18,
1347 2482 1398 2521 18
1441 2481 1575 2521 referri
1606 2488 1787 2533 possunt,

85 2565 207 2604 quam
237 2551 456 2591 orationem
485 2549 572 2604 ipse
603 2552 780 2593 studiose
810 2553 969 2603 legerat.
1023 2553 1152 2593 Etiam
1183 2553 1301 2593 verba
1333 2549 1455 2606 δῆλος
1486 2547 1519 2590 δ’
1550 2547 1659 2591 ἐστὶ.
1683 2586 1691 2593 .
1721 2551 1789 2592 δὺο

83 2620 156 2676 μὲν
183 2616 247 2660 ἐπὶ
275 2623 358 2666 τοῖς
383 2621 588 2674 τριάκοντα
617 2623 784 2674 γεγονὼς
814 2619 882 2678 ἔτη
913 2626 962 2664 ab
994 2625 1082 2676 ipso
1114 2638 1162 2665 ex
1194 2638 1250 2664 or.
1279 2637 1312 2666 c.
1348 2625 1439 2665 Mid.
1462 2626 1484 2672 ἓ
1510 2626 1611 2665 154;
1645 2621 1688 2669 ὃς
1720 2621 1789 2664 δὺο

83 2691 154 2732 καὶ
181 2692 386 2746 τριάκοντα
415 2689 484 2747 ἔτη
513 2693 652 2744 γέγονα
683 2701 720 2736 et
747 2696 898 2748 reliqua
918 2697 1037 2736 verba
1058 2692 1221 2750 μηδέπω
1243 2690 1276 2733 δ’
1296 2691 1400 2749 ἔχων
1417 2689 1532 2749 ἰσχὺν
1553 2690 1592 2734 ἐν
1612 2699 1661 2749 τῇ
1683 2693 1788 2737 πολι-

82 2763 167 2817 τείᾳ
196 2775 236 2806 κ.
268 2761 384 2810 δόξαν
417 2765 518 2805 sicut
552 2767 668 2817 paulo
699 2767 800 2808 infra
832 2768 1055 2819 sequentia:
1090 2762 1189 2820 ὁρῶν
1216 2761 1250 2805 δ’
1270 2761 1315 2806 οἷ)
1336 2763 1487 2822 φαῦλον
1517 2778 1555 2806 κ.
1587 2762 1715 2822 φίλοις
1745 2764 1787 2807 εὖ

82 2835 352 2891 πεφραγμένον
383 2851 430 2878 ex
452 2837 624 2877 Midiana
656 2838 786 2888 colligi
817 2844 1047 2890 potuerunt,
1082 2853 1202 2891 quam
1234 2840 1452 2880 orationem
1484 2854 1574 2880 eum
1605 2845 1788 2880 accurate

85 2907 317 2959 cognovisse
347 2908 571 2960 intellegere
601 2909 692 2949 licet
722 2923 813 2950 cum
845 2924 893 2950 ex
924 2911 1024 2951 libro
1057 2911 1104 2951 de
1134 2912 1244 2951 educ.
1270 2913 1308 2961 9,
1342 2925 1419 2964 quo
1450 2912 1538 2951 loco
1570 2911 1717 2963 aliquid
1738 2925 1786 2952 ex

82 2978 158 3022 hac
178 2979 355 3022 oratione
376 2979 414 3031 (ἓ
439 2980 538 3031 191)
562 2981 846 3035 transscripsit,
879 2987 964 3023 tum
985 2996 1033 3024 ex
1058 2983 1218 3037 proprio
1242 2984 1349 3037 quod
1367 2984 1467 3024 ferre
1489 2984 1608 3024 audet
1627 2983 1783 3026 iudicio.
