2138 3386
1094 286 1379 333 ..25-

390 404 498 445 locos
519 406 708 457 quosdam
722 407 771 447 ab
785 406 991 448 Aeschinis
1009 412 1046 447 et
1060 407 1333 450 Demosthenis
1346 407 1566 450 narratione
1581 408 1813 450 dissidentes
1827 419 1899 450 suo
1911 406 2068 451 arbitrio

389 476 441 516 ita
458 477 699 526 immutasse,
723 483 765 517 ut
786 484 853 519 aut
874 479 1068 520 contraria
1089 466 1231 520 diceret
1253 486 1331 529 aut,
1355 493 1455 531 quae
1469 480 1546 519 nisi
1563 480 1716 532 aequali
1733 480 1912 532 scriptori
1923 479 2069 521 nemini

389 552 481 587 nota
514 561 601 588 esse
633 554 857 599 potuerunt,
899 551 1067 590 adderet.
1119 551 1266 591 Deinde
1292 548 1488 599 Rueh11)
1519 551 1788 592 animadvertit
1817 551 2070 591 Plutarchum

388 618 485 659 Cim.
505 632 537 659 0.
565 622 585 660 7
610 621 658 659 ad
689 620 831 661 Aesch.
866 634 920 661 or.
953 622 992 661 in
1025 622 1129 662 Ctes.
1162 624 1184 670 ἓ
1219 624 1300 662 183
1333 636 1417 674 sqq.
1452 627 1650 672 spectare3
1682 622 1748 673 qui
1777 621 1942 662 orationi
1969 620 2069 662 inse·

385 695 515 730 ruerat
537 690 688 730 Cimoni
719 693 768 731 ob
799 692 1000 732 victoriam
1030 693 1079 732 ad
1101 691 1347 742 Strymonem
1377 691 1613 742 reportatam
1644 696 1722 732 tres
1742 692 1898 732 hermas
1921 690 2069 743 positos

386 774 473 800 esse
503 761 629 812 idque,
664 775 901 813 quamquam
931 763 972 802 in
1004 762 1051 801 iis
1083 775 1161 801 non
1193 763 1317 814 ipsius
1349 763 1459 802 ducis
1482 762 1656 802 Cimonis
1677 775 1818 802 nomen
1838 762 2071 814 inscriptum

386 837 501 880 esset,
536 834 603 872 sed
636 833 757 872 solius
789 833 936 884 populi,
969 833 1100 883 magni
1131 833 1291 872 honoris
1323 833 1476 874 Cimoni
1514 833 1780 872 testimonium
1815 837 1853 872 et
1881 833 2004 873 fuisse
2034 837 2072 872 et

383 915 483 942 esse.
538 902 665 950 Quam
696 916 779 943 rem
812 917 902 943 cum
932 903 1033 945 Plut.
1058 904 1082 943 l.
1106 917 1158 946 m.
1181 905 1316 944 eadem
1347 905 1426 944 fere
1455 904 1641 943 brevitate
1670 909 1812 952 narret,
1843 904 1970 944 Ruehl
1996 916 2072 944 suo

383 979 466 1018 iure
487 987 533 1012 ex
555 973 749 1013 Aeschine
770 974 976 1025 repetitam
997 987 1084 1014 esse
1105 975 1266 1014 monuit.
1308 975 1426 1026 Atqui
1443 975 1676 1014 Plutarchus
1697 979 1735 1015 et
1754 979 1844 1014 ante
1865 979 1903 1015 et
1922 979 2073 1026 postea

383 1045 518 1083 eodem
551 1044 716 1084 Ruehlio
749 1046 937 1096 probante
969 1045 1246 1096 Theopompea
1276 1046 1404 1088 refert.
1462 1046 1600 1085 Nonne
1629 1046 1718 1086 inde
1753 1045 1926 1097 suspicio
1956 1045 2072 1085 etiam

382 1115 507 1164 magis
538 1115 790 1155 confirmatur
822 1116 1121 1167 Theopompum
1153 1116 1309 1167 saepius
1338 1129 1385 1156 ex
1406 1117 1601 1156 Aeschine
1621 1117 1826 1156 hausisse?
1870 1115 1975 1164 Quin
1992 1115 2070 1155 imo

384 1186 627 1235 exploratum
640 1191 700 1225 est
716 1199 817 1235 eum,
842 1200 931 1226 cum
945 1187 1111 1237 effigiem
1120 1187 1323 1226 hominum
1334 1186 1545 1227 illustrium
1558 1187 1802 1239 depingebat,
1829 1186 2070 1227 adversarios

383 1257 492 1306 sequi
524 1257 683 1295 solitum
715 1270 823 1305 esse3
855 1258 970 1305 velut,
1003 1262 1046 1297 ut
1076 1258 1272 1296 luculento
1305 1259 1485 1309 exemplo
1512 1262 1611 1306 utar,
1644 1258 1685 1297 in
1705 1257 1877 1309 Philippi
1896 1257 2069 1297 moribus

383 1326 625 1365 illustrandis
658 1327 961 1366 Demosthenem
991 1327 1151 1366 minime
1182 1328 1326 1378 sprevit
1358 1328 1421 1376 (cf.
1455 1329 1500 1367 fr.
1536 1330 1618 1368 249
1651 1333 1689 1367 et
1714 1328 1824 1368 Dem.
1853 1328 2010 1379 Olynth.
2037 1327 2070 1367 ΙΙ

386 1397 437 1436 18
476 1396 601 1447 sqq.);
635 1398 829 1447 pertinent
855 1398 931 1437 huc
953 1398 1070 1437 etiam
1096 1398 1249 1449 aliquae
1279 1412 1341 1438 res
1369 1412 1392 1438 a
1412 1399 1579 1438 Diodoro
1609 1398 1791 1447 traditae3
1821 1411 1947 1450 neque
1967 1399 2071 1438 enim

380 1467 583 1516 habemus,
617 1469 718 1519 quod
740 1468 780 1507 in
801 1482 846 1508 ea
867 1482 909 1508 re
929 1469 978 1508 ab
999 1465 1233 1517 Haakio2)
1256 1469 1516 1508 dissideamus
1538 1474 1730 1518 monente,
1763 1468 1945 1520 quicquid
1965 1469 2070 1520 apud

381 1538 593 1578 Diodorum
624 1539 926 1579 Demosthenem
966 1540 1157 1589 redoleat,
1197 1554 1220 1579 a
1251 1541 1505 1591 Theopompo
1549 1541 1764 1591 profectum
1803 1553 1910 1589 esse,
1954 1552 2070 1591 quem

381 1609 606 1660 Philippum
646 1611 695 1649 ob
733 1623 886 1649 morum
919 1610 1147 1661 pravitatem
1180 1623 1311 1650 severe
1342 1611 1557 1661 castigasse
1588 1624 1635 1651 ex
1667 1611 1800 1662 Polyb.
1833 1603 1920 1650 Vllf
1946 1613 1998 1653 11
2032 1614 2070 1650 et

381 1681 517 1730 fragm.
555 1682 636 1720 249
671 1681 807 1720 elucet.

521 1751 702 1802 Sequitur
732 1755 774 1790 ut
802 1751 1040 1790 coniciamus
1073 1751 1383 1802 Theopompum,
1417 1765 1508 1791 cum
1528 1752 1802 1793 Demosthenis
1817 1752 2069 1804 omniumque

380 1823 682 1872 demagogorum
726 1822 907 1873 Philippo
953 1822 1243 1861 adversantium
1288 1835 1416 1862 mores
1459 1824 1714 1872 describeret,
1758 1823 2068 1863 adversariorum

380 1893 574 1932 orationes
602 1893 743 1932 adisse.
791 1893 862 1932 Cui
885 1894 1099 1933 sententiae
1126 1906 1204 1932 non
1235 1894 1350 1932 modo
1371 1907 1450 1932 non
1471 1895 1663 1933 absonum
1685 1898 1755 1942 est,
1787 1907 1921 1933 verum
1951 1894 2067 1934 etiam

381 1965 493 2012 favet,
528 1965 630 2014 quod
652 1964 952 2014 Theopompum
972 1964 1191 2015 Philippica
1215 1969 1303 2014 post
1334 1978 1481 2003 annum
1504 1966 1587 2004 324
1609 1964 1777 2019 edidisse
1797 1965 1948 2004 duobus
1970 1965 2068 2014 frag-

380 2035 521 2073 mentis
556 2035 618 2083 (fr.
645 2036 728 2074 334
761 2048 822 2085 ap.
857 2035 1004 2073 Polluc.
1027 2034 1059 2072 V
1082 2036 1159 2082 42;
1193 2035 1237 2073 fr.
1274 2036 1354 2074 108
1379 2048 1440 2085 ap.
1472 2035 1572 2076 Plut.
1596 2035 1795 2077 Demosth.
1820 2048 1853 2075 0.
1879 2035 1950 2083 26)
1981 2047 2067 2085 cog-

379 2106 601 2153 noscimus3
634 2105 764 2156 itaque
795 2105 877 2144 fieri
909 2105 1044 2156 potuit,
1078 2110 1121 2144 ut
1141 2105 1282 2144 Aesch.
1317 2118 1372 2144 or.
1406 2106 1446 2144 in
1475 2105 1577 2145 Ctes.
1610 2105 1650 2144 in
1681 2105 1863 2145 manibus
1893 2105 2064 2146 haberet.

380 2176 455 2214 Sed
487 2176 650 2215 eandem
681 2189 776 2224 rem,
820 2189 896 2226 quo
929 2176 1068 2215 clarior
1099 2176 1178 2224 fiat,
1211 2175 1277 2215 ubi
1309 2176 1480 2226 primum
1511 2177 1620 2216 locus
1651 2177 1766 2215 datus
1797 2177 1887 2225 erit,
1929 2176 2064 2227 paucis

376 2247 592 2286 retractabo
626 2246 691 2294 (ad
722 2259 807 2297 cap.
843 2247 897 2294 4).

518 2317 703 2368 Reliquos
737 2322 916 2356 auctores
943 2317 1140 2356 delibatos
1164 2321 1316 2357 tantum
1349 2330 1435 2356 esse
1468 2331 1538 2357 suo
1560 2319 1646 2357 loco
1667 2319 1825 2357 docebo.
1872 2316 2067 2365 Quoniam

376 2389 450 2428 hoc
481 2392 596 2429 modo
628 2389 666 2428 in
692 2389 935 2437 universum,
970 2401 1068 2439 quos
1101 2389 1351 2440 potissimum
1372 2392 1550 2427 auctores
1572 2388 1781 2428 Plutarcho
1802 2387 1843 2426 in
1863 2386 2068 2426 Demosth-

375 2460 452 2499 vita
483 2466 639 2511 praesto
671 2465 708 2499 et
738 2460 911 2499 maximo
942 2460 1031 2499 usui
1063 2460 1184 2499 fuisse
1212 2460 1428 2511 putandum
1450 2458 1511 2507 sit,
1545 2459 1751 2510 disputavi,
1785 2458 1877 2509 quid
1897 2471 1944 2497 ex
1965 2458 2064 2496 libro

376 2531 462 2582 ipso
494 2532 581 2570 elici
613 2531 748 2582 possit,
783 2531 1061 2581 experiendum
1092 2536 1163 2570 est.

516 2603 558 2642 C.
596 2604 705 2642 1—3
739 2615 786 2640 ex
816 2601 1015 2641 Plutarchi
1047 2602 1135 2641 stilo
1167 2601 1330 2640 fluxisse
1360 2604 1398 2639 et
1428 2601 1545 2640 rebus
1575 2599 1746 2640 narratis
1777 2603 1816 2639 et
1845 2611 1948 2638 nexu
1979 2611 2063 2638 sen-

373 2673 584 2712 tentiarum
616 2678 654 2712 et
686 2672 877 2711 sententia
909 2673 1107 2712 communi
1139 2673 1429 2722 comprobatur.

516 2744 558 2783 C.
592 2746 615 2783 3
648 2743 817 2794 explicat
848 2756 891 2782 se
922 2756 969 2782 ex
1002 2742 1271 2782 actionibus
1303 2746 1463 2781 naturas
1494 2754 1701 2792 moresque
1721 2739 1994 2780 Demosthenis
2025 2744 2063 2778 et

375 2814 572 2854 Ciceronis
613 2818 932 2864 comparaturum
969 2827 1056 2854 esse
1093 2812 1393 2863 Caeciliique
1426 2812 1665 2852 Calactini
1704 2811 1894 2850 rationem
1931 2809 2059 2858 abicit,

373 2885 439 2935 qui
478 2890 621 2924 temere
653 2884 844 2937 σῦγκρισιν
875 2887 940 2922 τοῦ
971 2878 1252 2937 Δημοσθένους
1283 2881 1351 2920 καὶ
1382 2877 1605 2934 Κικέρωνος
1636 2882 1805 2922 scribere
1836 2893 1957 2920 ausus
1997 2880 2058 2919 sit.

516 2975 543 3020 1)
567 2976 709 3011 Ruehl
732 2974 799 3011 ‘die
824 2976 972 3019 Quellen
996 2975 1187 3010 Plutarchs
1212 2974 1262 3008 im
1287 2973 1327 3008 L.
1353 2974 1414 3008 des
1441 2973 1578 3009 Cimon’
1603 2973 1737 3017 Marbg.
1765 2971 1864 3014 1867,
1890 2982 1925 3016 p.
1944 2969 1989 3005 26
2006 2981 2059 3016 sq.

446 3072 449 3076 ,
514 3033 543 3079 2)
569 3035 717 3075 Haake
748 3033 801 3069 ‘de
827 3035 960 3076 Duride
986 3034 1104 3072 Samio
1130 3033 1277 3073 Diodori
1304 3033 1460 3071 auctore'
1486 3033 1633 3068 Bonnae
1661 3031 1761 3075 1874,
1787 3042 1821 3078 p.
1838 3030 1894 3065 48.
