2138 3386
1061 253 1342 300 ...22—

352 373 468 414 modo
501 372 777 423 cognovimus3
814 373 953 416 deinde
984 376 1049 417 ille
1079 377 1189 418 locus
1221 376 1440 418 doctrinam
1470 389 1564 429 prae
1594 391 1637 420 se
1666 377 1740 420 fert
1769 382 1807 420 et
1836 383 2036 431 praeterea

352 446 401 485 ad
418 445 659 485 comicorum
673 446 944 487 auctoritatem
960 448 1131 499 respicit,
1164 461 1262 499 quos
1284 449 1413 488 adisse
1423 449 1676 489 Plutarchum
1688 450 1818 502 ipsum
1832 462 2034 501 negamus,

349 516 515 567 denique
535 521 617 556 tam
638 522 743 557 arcte
765 530 855 558 cum
877 519 1015 558 ceteris
1037 520 1268 559 coniunctus
1290 525 1361 568 est,
1392 525 1435 559 ut
1456 520 1606 570 seiungi
1626 533 1705 560 non
1725 521 1862 572 possit.
1908 521 2036 573 Atque

349 600 589 639 quamquam
632 589 748 628 certis
787 589 867 629 nixi
898 590 1174 630 Demosthenis
1212 591 1312 630 vitae
1351 591 1503 630 indiciis
1534 591 1787 632 Plutarchum
1825 592 1957 644 ipsum
1974 593 2036 634 2ad

347 658 623 699 Demosthenis
663 660 783 699 vitam
822 662 1143 701 conscribendam
1176 662 1387 702 Midianam
1426 661 1600 701 studiose
1635 661 1776 712 legisoe
1813 648 2033 712 censemus,

348 735 479 770 tamen
512 731 616 770 aliud
648 737 708 770 est
739 731 911 782 aliquam
942 732 1121 772 notitiam
1152 733 1241 772 inde
1271 734 1476 784 decerpere
1507 744 1554 771 ac
1585 744 1740 772 morum
1765 738 1804 773 et
1832 733 2036 784 vitaeper-

347 801 636 852 spiciendorum
668 815 788 842 causa
822 808 945 843 totam
976 804 1191 843 orationem
1223 803 1471 854 perscrutari.
1525 802 1626 842 Nam
1665 807 1703 843 et
1741 802 1837 843 illud
1865 803 2035 844 hominis

346 872 450 911 docti
488 872 744 912 Alexandrini
776 879 835 913 est
865 887 1003 924 neque,
1037 875 1103 925 qui
1133 888 1263 914 mores
1295 887 1531 924 cognoscere
1563 874 1702 922 studet,
1735 874 1863 914 facere
1893 878 2032 926 potest,

347 943 441 994 quin
472 949 624 994 praeter
656 957 711 983 or.
745 945 792 983 de
823 958 902 986 cor.
936 958 1023 984 eam
1054 945 1305 996 potissimum
1337 947 1460 984 adeat.

487 1014 670 1054 Ceterum
686 1017 896 1054 tenendum
913 1020 972 1055 est
988 1016 1195 1055 verisimile
1212 1030 1300 1056 esse
1310 1016 1575 1064 Plutarchum,
1603 1028 1693 1054 cum
1712 1015 1873 1056 vidisset
1887 1016 2034 1056 fontem

346 1084 576 1135 primarium
609 1086 766 1136 saepius
799 1087 848 1125 ad
880 1086 988 1125 illam
1009 1087 1225 1126 orationem
1248 1100 1290 1126 se
1310 1087 1464 1135 referre,
1497 1086 1630 1137 ipsum
1659 1099 1747 1127 eam
1777 1087 1967 1130 evolvisse
1995 1091 2034 1128 et

344 1155 547 1205 diligenter
578 1157 912 1207 pervestigavisse.

486 1226 586 1274 Quid
617 1227 704 1278 ipse
735 1228 922 1276 hauserit,
957 1216 1048 1278 quid
1069 1228 1320 1279 descripserit
1341 1241 1535 1278 exponere
1556 1229 1604 1267 ab
1625 1227 1700 1267 hoc
1721 1228 1808 1267 loco
1830 1227 2032 1276 abhorret;

343 1298 418 1336 hoc
455 1299 696 1337 monendum
733 1299 804 1338 fuit
836 1299 914 1338 iam
946 1304 1036 1339 ante
1066 1299 1323 1339 Plutarchum
1354 1299 1536 1350 Satyrum
1566 1299 1779 1339 Midianam
1809 1299 2034 1340 excussisse

344 1373 451 1408 certa
481 1369 624 1408 indicia
655 1375 821 1409 exstare.
1358 1367 1360 1370 ’

485 1440 541 1479 Ita
562 1440 663 1479 hanc
685 1440 954 1490 quaestionem
979 1454 1073 1480 sane
1090 1442 1247 1491 plenam
1265 1441 1539 1481 difficultatum
1552 1441 1782 1481 dissolvisse
1797 1453 1888 1480 cum
1901 1440 2033 1493 aliqua

346 1511 618 1561 probabilitate
649 1511 762 1550 nobis
794 1512 982 1553 videmur.

485 1581 681 1630 Quoniam
712 1582 827 1632 igitur
857 1583 1109 1622 undecimum
1141 1596 1295 1634 quoque
1326 1588 1443 1634 caput
1469 1583 1568 1622 vitae
1589 1582 1802 1622 Alcibiadis
1823 1594 1871 1622 ex
1893 1581 2033 1632 Satyro

343 1654 596 1703 desumptum
627 1666 715 1692 esse
747 1658 913 1701 constat,
947 1666 1037 1692 cum
1068 1654 1264 1693 decimum
1292 1659 1328 1693 et
1349 1654 1623 1692 duodecimum
1645 1653 1746 1693 sicut
1766 1652 2032 1694 antecedentia

343 1737 391 1763 ex
424 1724 561 1763 eodem
591 1724 698 1763 fonte
729 1724 872 1764 hausta
904 1725 993 1773 sint,
1028 1726 1291 1774 fragmentum
1322 1730 1452 1764 autem
1484 1724 1588 1763 illius
1610 1723 1794 1764 carminis
1815 1722 1970 1775 epinieii
1991 1722 2032 1763 in

343 1795 453 1834 Dem.
476 1795 577 1834 vitae
600 1808 685 1845 cap.
710 1795 835 1845 primo
860 1797 1055 1845 prolatum
1077 1797 1122 1835 ad
1146 1810 1230 1835 eain
1264 1801 1413 1846 partem
1439 1791 1538 1834 vitae
1558 1788 2030 1835 Alcibiadisreferendum

344 1866 406 1914 sit,
440 1879 539 1917 quae
571 1867 655 1905 sine
685 1866 808 1904 dubio*
825 1879 871 1905 ex
894 1866 1021 1917 Satyri
1044 1867 1132 1907 stilo
1162 1868 1284 1915 fluxit,
1318 1866 1591 1906 necessitatem
1622 1870 1841 1906 memoratu
1870 1860 2030 1916 dig-nani
2065 1872 2067 1874 “

345 1937 454 1984 inter,
476 1942 682 1987 utramque
714 1937 834 1976 vitam
864 1937 1102 1977 intercedere
1134 1939 1220 1989 quis
1253 1943 1311 1977 est
1343 1938 1407 1988 qui
1439 1940 1578 1986 neget?
1614 1923 1688 1964 -⁶

482 2008 569 2047 Hoc
600 2009 686 2046 loco
719 2008 823 2046 aliud
856 2021 1009 2059 quoque
1041 2010 1177 2059 paucis
1209 2010 1422 2048 absolvam.

484 2079 638 2118 Etenim
667 2078 813 2117 mirum
844 2084 914 2127 est,
949 2081 1052 2130 quod
1083 2081 1183 2119 Plut.
1207 2081 1512 2119 Idomeneum
1540 2079 1816 2129 Lampsac.,
1844 2077 1962 2126 ,cuius
1993 2081 2031 2116 et

343 2150 429 2189 aliis
444 2150 541 2189 locis
565 2155 601 2189 et
622 2150 660 2189 in
675 2150 877 2189 Demosth.
896 2150 971 2189 vita
991 2151 1051 2190 bis
1073 2151 1311 2190 mentionem
1329 2150 1430 2198 facit,
1453 2150 1494 2188 in
1515 2149 1592 2188 alia
1612 2163 1654 2188 re
1673 2162 1832 2199 prorsus
1849 2147 2029 2198 neglexit.

344 2221 528 2271 Legimus
551 2221 654 2260 enim
675 2221 722 2260 fr.
749 2222 799 2260 13
825 2221 904 2271 (ap.
938 2221 1078 2260 Athen.
1110 2222 1194 2260 X111
1227 2224 1308 2261 592
1342 2221 1383 2268 F,
1415 2221 1553 2259 Miiller
1583 2221 1615 2259 II
1646 2219 1747 2267 492)
1781 2216 2031 2258 Idomeneum

343 2292 517 2331 fabulam
539 2293 735 2342 quandam
753 2306 775 2330 a
795 2292 1057 2331 Demosthene
1086 2292 1172 2342 ipso
1194 2292 1419 2339 inMidiana
1440 2292 1646 2330 refutatam
1667 2291 1808 2329 iterum
1828 2288 2032 2339 repetiisse

343 2363 526 2413 aliudque
542 2362 761 2401 convicium
779 2363 938 2413 insuper
956 2363 995 2401 in
1010 2362 1209 2402 libidinem
1224 2362 1500 2401 Demosthenis
1523 2361 1787 2411 congessisse:
1811 2355 2031 2402 ἀκόλαστος

342 2427 375 2469 δ’
405 2427 452 2485 ἦν
484 2427 505 2470 ὁ
536 2427 664 2486 ῥήτωρ
694 2432 782 2485 περὶ
810 2433 858 2471 τὰ
888 2429 1106 2487 ἀφροδίσια,
1142 2427 1196 2476 ὥς
1227 2443 1338 2487 φησιν
1368 2427 1591 2484 Ἰδομενέως.
1651 2426 1914 2483 Ἀριστάρχου
1943 2431 2031 2479 γοῦν

340 2514 438 2547 τινος
469 2498 653 2555 ἐρασθεὶς
684 2503 885 2556 μειρακίου
921 2502 990 2542 καὶ
1028 2499 1074 2542 δι’
1109 2498 1201 2541 αὐτὸ
1240 2503 1477 2556 παροινήσας
1512 2497 1566 2546 εἰς
1596 2497 1824 2556 Νικόδημον
1852 2495 2031 2552 ἐξέκοψεν

342 2568 458 2611 αὐτοῦ
489 2572 577 2618 τοὺς
608 2569 846 2628 ὀφθαλμοὺς
866 2585 902 2613 κ.
924 2586 954 2612 τ.
976 2571 1012 2612 λ.
1063 2576 1168 2614 Idem
1199 2587 1287 2614 cum
1321 2574 1561 2624 Hermippus
1593 2573 1782 2624 receperit
1813 2572 1876 2620 (cf.
1906 2572 1951 2611 fr.
1975 2572 2029 2612 59

344 2645 423 2684 iam
447 2658 567 2695 supra
591 2645 667 2684 alia
687 2647 734 2684 de
752 2659 872 2685 causa
889 2646 1080 2694 allatum),
1106 2646 1288 2695 Satyrum
1311 2658 1465 2695 quoque
1487 2644 1807 2695 transscripsisse
1826 2641 2034 2681 verisimile

342 2721 418 2763 est;
451 2730 545 2755 nam
576 2716 615 2754 hi
646 2716 717 2755 viri
748 2717 863 2765 docti,
898 2730 974 2767 qua
1006 2722 1116 2756 erant
1147 2715 1355 2765 diligentia,
1389 2716 1508 2754 etiam
1530 2729 1630 2766 quae
1650 2713 1922 2754 commenticia
1942 2725 2031 2751 esse

342 2792 624 2835 cognoverant,
667 2787 704 2825 in
748 2799 866 2826 usum
899 2801 1015 2826 suum
1046 2791 1270 2826 convertere
1303 2787 1492 2824 solebant.
1556 2785 1735 2833 Quanam
1766 2783 1880 2832 igitur
1911 2795 2032 2822 causa

339 2857 574 2896 Plutarchus
606 2857 709 2896 hanc
740 2871 824 2896 rein
856 2870 1165 2896 commemorare
1197 2870 1359 2908 prorsus
1393 2856 1660 2906 supersedisse
1692 2855 1868 2893 videtur?
1929 2853 2030 2892 Nam

340 2928 443 2977 quod
466 2928 712 2967 Plutarchus.
748 2941 824 2978 quo
856 2928 1027 2967 veritatis
1061 2927 1187 2966 studio
1220 2927 1392 2965 imbutus
1422 2931 1515 2974 erat,
1548 2925 1798 2974 maligniores
1821 2923 2030 2974 scriptores

341 3010 363 3040 a
396 3011 438 3036 se
470 2999 643 3046 removit,
687 3012 732 3038 ea
764 3013 805 3039 re
836 3012 913 3037 non
945 2999 1235 3039 demonstratur
1267 3010 1355 3037 eum
1387 2996 1580 3036 Idomenei
1610 2996 1727 3036 verba
1757 3008 1807 3034 ne
1836 2994 2032 3034 mentione
