2138 3386
784 263 1070 311 ..25-

73 395 231 435 ultum
248 389 427 435 ambi-ius>
446 389 591 439 adiret3
613 402 707 432 nam
729 388 942 441 scriptores
963 387 1155 439 ingeniosi
1177 386 1323 428 habent
1342 397 1529 436 magnam
1550 383 1599 424 ad
1621 380 1774 423 animos

74 462 398 514 logentiumwim
429 467 467 503 et
497 462 552 503 ita
583 475 627 502 se
657 461 698 502 in
729 474 796 502 eos
826 461 1040 508 insinuant,
1074 463 1117 498 ut
1137 458 1177 498 hi
1199 459 1248 498 ab
1271 457 1327 498 eis
1348 457 1547 497 discedere
1567 458 1774 506 nequeant.

74 533 188 576 Adde
217 534 323 586 quod
353 532 423 582 eis,
457 546 560 584 quae
580 532 741 583 Dionys,
774 531 903 572 Halic.
937 531 961 571 l.
995 543 1063 578 m.,
1098 529 1164 580 qui
1195 528 1369 579 reliquos
1401 541 1533 567 rerum
1564 526 1776 576 scriptores

74 603 339 647 acerbissime
363 603 575 653 recensuit,
609 603 647 643 in
675 603 934 654 Theopompo
968 601 1180 654 praedicat,
1213 599 1484 652 dispositionis
1517 598 1709 648 elegantia
1740 602 1778 637 et

74 677 180 730 qmd
209 675 346 719 omnia
376 681 527 716 secreta
556 675 711 716 virtutis
745 676 898 715 fucatae
929 679 967 715 et
987 673 1068 714 vitii
1090 672 1246 715 latentis
1269 671 1457 712 detexerit
1477 670 1575 710 etin
1596 674 1776 720 apertum

74 747 290 801 panderit,
322 747 496 788 maxime
523 747 734 788 Plutarcho
767 759 924 786 morum
956 744 1248 785 studiosissimo
1280 741 1547 793 investigatori
1580 739 1778 791 placuisse

72 818 359 863 existimandus
379 823 452 859 est.
502 818 683 859 Ceterum
705 818 986 868 Theopompus
1009 829 1097 856 vere
1117 815 1328 856 historicus
1351 819 1411 854 est
1431 825 1558 864 neque
1579 816 1622 852 ut
1643 810 1778 861 stirpis

74 891 244 943 scriptor
260 902 407 938 mom,
431 890 568 941 quales
590 890 770 938 fuissent,
793 889 982 940 depinxit,
1007 889 1075 928 sed
1097 901 1159 928 res
1182 892 1220 927 et
1236 888 1350 935 facta,
1375 885 1516 937 quibus
1537 883 1579 924 hi
1595 881 1780 934 cognosci

75 966 254 1015 possent,
287 961 470 1014 prodidit.

215 1033 290 1076 His
309 1034 358 1076 dc
378 1033 512 1074 causis
533 1033 652 1073 etiam
674 1033 723 1072 ad
745 1032 949 1073 Demosth.
975 1032 1094 1072 vitam
1116 1031 1199 1070 eius
1221 1025 1441 1068 Φιλιππικοὶ
1461 1032 1653 1079 usurpata
1674 1030 1778 1067 sunt.

0 1098 2 1103 ’
75 1105 124 1146 Et
156 1106 302 1158 septies
324 1107 483 1158 quidem
503 1105 739 1146 nominatim
761 1106 932 1154 affertur,
968 1110 1168 1156 praeterea
1189 1103 1427 1155 quibusdam
1447 1099 1677 1151 fragmentis
1700 1099 1780 1150 (ap.

74 1177 306 1219 Muellerum
326 1179 372 1219 fr.
390 1178 430 1218 h.
446 1178 512 1218 Gr.
529 1177 543 1216 I
562 1179 644 1218 258
670 1176 774 1229 sqq.)
798 1178 902 1216 velut
925 1177 1066 1228 quibus
1088 1177 1136 1215 de
1158 1189 1290 1227 pugna
1312 1172 1581 1213 Chaeronensi
1601 1170 1781 1218 traditur,

75 1262 167 1291 cum
186 1249 388 1291 Plutarchi
409 1248 634 1291 narratione
654 1253 736 1288 tam
757 1248 1011 1299 congruentia
1038 1249 1270 1295 referuntur,
1303 1251 1347 1286 ut
1378 1246 1441 1285 hic
1474 1244 1591 1284 etiam
1623 1242 1783 1294 saepius

76 1318 289 1361 Plutarcho
319 1320 411 1362 usui
442 1319 567 1360 fuisse
594 1319 783 1360 videatur.

108 1413 109 1417 =
172 1418 176 1425 ›
216 1390 355 1442 Neque
391 1404 483 1432 vero
515 1391 554 1431 in
587 1391 740 1431 decimo
772 1391 884 1440 libro,
918 1391 1030 1431 cuius
1063 1396 1217 1442 partem
1248 1390 1447 1440 quandam
1478 1389 1526 1428 de
1557 1386 1784 1437 demagogis

76 1461 209 1514 egisse
235 1462 379 1503 Athen.
412 1462 462 1501 IV
496 1464 578 1503 166
611 1462 644 1502 D
676 1468 715 1502 et
747 1462 962 1502 scholiasta
993 1461 1155 1502 Luciani
1188 1461 1290 1501 Tim.
1325 1473 1358 1500 c.
1395 1461 1447 1500 29
1480 1464 1660 1500 auctores
1693 1462 1785 1498 sunt

77 1531 143 1582 (ci.
172 1533 315 1575 Muller
345 1534 484 1584 fragm.
514 1533 529 1572 1
562 1547 599 1585 p.
636 1536 719 1574 293
753 1539 790 1574 et
824 1535 948 1582 294),
993 1533 1251 1580 Plutarchus,
1297 1545 1396 1583 quae
1436 1545 1483 1571 ex
1516 1544 1561 1571 eo
1593 1530 1633 1571 in
1664 1529 1785 1570 vitam

74 1604 350 1646 Demosthenis
382 1605 669 1656 transscripsit,
701 1605 865 1654 invenit,
907 1605 997 1645 licet
1038 1605 1104 1644 illo
1136 1604 1236 1644 libro
1268 1605 1316 1643 de
1349 1602 1525 1654 pristinis
1558 1600 1785 1651 demagogis

75 1675 268 1725 (Cimone,
309 1675 588 1725 Themistocle,
630 1676 814 1725 Aristide,
854 1677 1015 1725 Pericle,
1056 1676 1212 1723 Cleone,
1252 1675 1494 1726 Hyperbolo‚
1531 1673 1784 1720 Alcibiade‘?,

73 1747 252 1799 reliqUis)
274 1747 585 1798 digressionibus
608 1748 722 1788 factis
745 1748 969 1788 accuratius
987 1752 1259 1799 exponeretur.
1305 1747 1451 1786 Contra
1467 1746 1507 1785 in
1523 1745 1787 1785 Demosthene

74 1818 238 1860 dubium
259 1831 339 1860 non
360 1824 432 1868 est,
466 1820 560 1871 quin
583 1820 880 1871 Theopompus,
905 1833 996 1860 cum
1019 1820 1086 1859 ille
1108 1820 1147 1859 in
1169 1818 1372 1870 republica
1395 1818 1567 1868 primum
1589 1815 1785 1868 apparuit,

74 1890 195 1933 vitam
215 1890 302 1932 eius
323 1891 462 1943 paucis
479 1892 734 1940 adumbrarit,
758 1891 898 1931 deinde
922 1905 993 1931 suo
1012 1904 1167 1943 quoque
1193 1891 1291 1937 loco,
1325 1889 1634 1940 quotiescunque
1650 1889 1788 1928 Demo-

75 1961 236 2005 sthenes
267 1963 385 2002 rebus
417 1963 604 2011 interfuit,
638 1963 783 2003 diserte
814 1963 898 2002 eius
932 1964 1125 2003 factorum
1158 1962 1395 2002 mentionem
1427 1960 1573 2000 fecerit.

216 2033 376 2074 Praeter
407 2034 711 2086 Theopompum
743 2048 791 2075 ex
823 2035 960 2075 multis
993 2040 1030 2075 et
1062 2035 1209 2086 apertis
1248 2038 1284 2073 et
1325 2033 1601 2073 remotioribus
1634 2031 1788 2071 indiciis

76 2103 331 2145 manifestum
362 2104 405 2145 fit
435 2118 525 2145 eum
547 2106 898 2145 Demosthenis
930 2107 1127 2146 orationes
1157 2111 1234 2145 tres
1267 2105 1471 2155 diligenter
1502 2105 1787 2155 perlustrasse:

75 2176 126 2216 de
155 2188 314 2224 corona,
348 2181 487 2216 contra
515 2177 728 2228 Aphobum
752 2178 933 2229 primam,
969 2183 1105 2218 contra
1126 2178 1305 2225 Midiam;
1338 2177 1412 2216 hae
1444 2176 1654 2223 orationes,
1690 2188 1789 2226 quas

77 2247 181 2287 Plut.
216 2247 301 2287 sine
341 2247 460 2287 dubio
497 2248 575 2288 iam
614 2250 762 2288 dudum
803 2249 842 2288 in
881 2249 1028 2289 scholis
1061 2253 1295 2300 cognoverat
1326 2253 1363 2287 et
1394 2249 1689 2295 decantaverat,
1734 2246 1788 2285 in-

75 2317 216 2370 primis
246 2318 410 2359 idoneae
451 2325 563 2368 sunt,
608 2321 750 2371 quibus
796 2335 986 2372 expressa
1016 2321 1164 2360 summi
1196 2320 1362 2360 oratoris
1395 2319 1543 2369 effigies
1575 2319 1615 2358 in
1646 2318 1788 2358 animis

76 2389 280 2432 efficiatur.
343 2390 429 2430 Hoc
462 2391 683 2442 praecipue
714 2393 818 2431 cadit
850 2392 889 2432 in
921 2405 976 2432 or.
1011 2393 1060 2431 de
1091 2405 1185 2439 cor„
1226 2406 1345 2443 quam
1385 2405 1463 2431 non
1497 2392 1626 2430 solum
1657 2403 1789 2430 rerum

79 2462 443 2511 cognoscendarum
475 2475 597 2502 causa
630 2464 886 2503 examinasse
917 2464 1078 2512 videtur,
1115 2465 1182 2503 sed
1215 2469 1256 2503 ut
1288 2463 1476 2509 iudicium
1508 2462 1581 2501 sibi
1615 2462 1788 2512 fingeret,

81 2545 158 2583 quo
182 2532 299 2572 nixus
323 2533 510 2573 adversus
533 2534 779 2586 Theopompi
802 2535 1067 2583 acerbitatem,
1097 2537 1196 2575 addo
1220 2540 1256 2574 et
1277 2534 1486 2574 Aeschinis
1509 2534 1788 2581 cavillationes,

79 2604 320 2644 confidenter
352 2617 526 2655 pugnare
559 2612 706 2657 posset.
751 2607 853 2646 Nam
885 2611 990 2646 certo
1018 2607 1143 2646 evinci
1173 2611 1300 2657 potest
1328 2619 1418 2645 eum
1439 2604 1708 2644 Aeschinis
1730 2618 1786 2644 or.

78 2673 118 2714 in
135 2674 240 2717 Ctes.
259 2675 357 2715 satis
381 2681 563 2716 accurate
585 2678 826 2726 adhibuisse,
851 2691 1093 2729 quamquam
1114 2684 1157 2717 ut
1180 2679 1331 2717 solebat
1354 2676 1512 2727 saepius
1535 2690 1606 2716 suo
1629 2677 1788 2716 arbitrio

76 2745 195 2787 nimis
215 2746 413 2788 indulsit.‘
438 2747 515 2787 Sed
537 2762 586 2787 ne
605 2749 818 2788 Plutarcho
849 2749 1013 2789 nimiam
1045 2750 1238 2789 incuriam
1269 2748 1424 2788 crimini
1455 2749 1606 2796 demus,
1641 2749 1788 2799 apertis

76 2816 231 2859 indiciis
271 2819 458 2859 docemur
497 2819 697 2859 nonnullis
738 2820 835 2860 locis
876 2826 913 2859 et
946 2821 1248 2872 Theopompum
1280 2820 1490 2859 Aeschinis
1535 2819 1574 2858 in
1615 2819 1790 2870 vestigiis

77 2893 194 2937 stare,
227 2888 277 2937 (c.
302 2891 341 2938 4,
369 2890 438 2938 14)
462 2904 495 2930 e.
523 2892 574 2931 18
599 2896 734 2938 extr„
779 2891 921 2942 quibus
954 2892 1002 2931 de
1039 2892 1136 2931 locis
1171 2905 1243 2931 suo
1276 2897 1452 2942 tempore
1471 2891 1681 2930 dicendum
1703 2891 1788 2933 erit.

76 2961 231 3001 Etenim
262 2975 425 3013 prorsus
458 2963 686 3002 incredibile
717 2968 777 3002 cst
807 2963 1066 3004 Plutarchum
1104 2964 1143 3003 in
1185 2977 1231 3003 ea
1263 2968 1374 3014 parte
1405 2963 1518 3010 vitae,
1553 2975 1653 3013 quae
1684 2962 1788 3002 haud

76 3031 193 3072 dubie
222 3045 270 3073 ex
291 3033 401 3073 Dein.
426 3033 642 3074 et.Aescl1.
676 3039 774 3075 orat.
799 3034 1124 3087 Theopompique
1154 3034 1320 3074 historia
1352 3035 1521 3076 conflata
1552 3038 1624 3084 est,
1658 3033 1789 3087 ipsum
