2138 3386
796 232 1081 279 „47⁶-

220 355 404 415 Ceterum
435 370 528 398 cum
561 357 682 398 etiam
712 358 856 400 Aesch.
880 360 930 407 ¹3,
967 359 1048 399 158
1083 356 1262 397 similiter
1292 355 1417 398 dicat:
1455 354 1520 397 τὸν
1551 350 1717 412 δαίμονα
1747 368 1785 397 κ.

76 427 146 484 τὴν
174 427 300 484 τυχην
318 427 388 483 τὴν
407 426 874 482 συμπαρακολουθοῦσαν
894 433 947 481 τῷ
969 424 1169 480 ἀνθρώπῳ
1191 424 1447 482 φυλάξασθαι
1468 451 1514 458 -
1536 430 1619 470 fieri
1641 435 1784 482 potest,

77 506 121 542 ut
163 501 371 553 utriusque
406 502 525 541 verba
556 501 768 541 Plutarcho
799 501 897 541 haec
927 500 1111 540 referenti
1141 500 1192 539 ob
1224 500 1360 539 oculos
1391 506 1547 541 versata
1579 501 1671 543 sint.
1727 502 1786 541 Ac

77 582 128 614 ne
157 573 247 625 quis
280 573 450 622 dubitet,
496 586 548 612 an
578 573 680 615 Plut.
718 573 815 612 adeo
847 585 1010 623 operam
1040 571 1198 611 dedisse
1227 571 1415 619 videatur,
1449 576 1492 611 ut
1523 585 1571 611 ex
1603 573 1715 613 Dem.
1747 578 1785 612 et

76 645 221 686 Aesch.
253 644 498 684 orationibus
529 649 612 684 tam
643 645 769 683 multa
801 648 1047 694 congereret,
1091 642 1482 682 animadvertendum
1515 648 1575 683 est
1616 644 1786 695 plurima

77 723 227 766 eorum,
261 729 362 767 quae
383 716 486 756 Plut.
509 715 571 755 his
604 715 848 755 orationibus
872 714 1052 754 excussis
1082 715 1255 766 praebet,
1289 714 1435 754 nisiex
1466 715 1672 766 utriusque
1702 728 1786 755 ora-

76 786 174 828 toris
195 787 440 827 orationibus
462 787 576 826 nobis
598 791 693 828 nota
714 799 794 826 non
816 799 926 834 esse;
953 799 1029 837 quo
1052 786 1219 825 efficitur
1240 785 1466 835 Plutarcho,
1490 791 1534 825 ut
1554 786 1716 837 reliquis
1738 799 1786 825 ex

76 858 252 898 fontibus
283 858 496 910 quicquam
525 858 693 906 eliceret,
726 870 806 897 non
828 857 1053 907 contigisse.
1104 856 1179 897 Sed
1209 857 1285 896 hoc
1316 870 1473 909 quoque
1494 859 1707 897 tenendum
1728 862 1788 897 est

76 931 168 970 eum
198 929 277 970 nisi
306 929 412 970 iusta
442 942 564 970 causa
591 930 638 969 de
660 929 717 968 eis
739 929 926 978 fontibus,
960 929 1026 980 qui
1047 929 1258 980 largiorem
1278 930 1486 969 materiam
1508 931 1784 981 praebuerunt,

75 1013 157 1042 non
187 1001 458 1042 declinavisse.

219 1073 354 1124 ltaque
368 1073 487 1112 etiam
505 1085 608 1124 cap.
622 1073 674 1112 22
693 1071 797 1111 notis
814 1071 1040 1111 auctoribus
1058 1071 1189 1112 denuo
1206 1074 1463 1113 occurrimus.
1495 1073 1597 1113 Nam
1614 1073 1787 1126 primum

79 1144 240 1196 quidem
261 1143 472 1184 Aeschinis
501 1156 557 1186 or.
584 1145 608 1183 3
630 1145 652 1191 ἓ
679 1143 847 1184 77-78
871 1147 989 1193 atque
1011 1143 1031 1190 ἓ
1057 1144 1139 1183 160
1163 1144 1359 1193 excussit;
1393 1149 1565 1184 ceterum
1597 1146 1788 1186 nonnulla

77 1215 133 1256 ita
163 1216 375 1257 immutata
407 1220 512 1264 sunt,
545 1220 588 1255 ut
621 1215 786 1255 Schal'er
817 1215 841 1254 1.
875 1228 929 1254 m.
962 1214 1086 1255 11181
1117 1221 1250 1256 annot.
1286 1219 1309 1256 2
1344 1216 1668 1257 animadverteret
1699 1231 1787 1257 eam

76 1287 345 1328 narrationem
375 1287 454 1328 alio
486 1301 534 1327 ex
562 1288 669 1327 fonte
700 1286 882 1338 prodisse
901 1285 1037 1335 videri,
1072 1300 1315 1338 quamquam
1331 1288 1434 1328 Plut.
1457 1302 1538 1328 non
1559 1289 1612 1329 ita
1633 1290 1787 1329 diversa

74 1359 258 1400 traderet.
306 1359 383 1399 Sed
404 1360 519 1399 nobis
542 1359 712 1411 quidem,
748 1358 793 1406 si,
828 1358 934 1409 quod
955 1358 1073 1397 modo
1096 1359 1342 1410 disputatum
1364 1366 1435 1409 est,
1460 1362 1785 1412 reputaverimus,

75 1430 124 1470 de
145 1430 223 1471 alio
243 1431 351 1471 fonte
371 1431 543 1482 cogitare
563 1444 664 1482 opus
686 1444 764 1470 non
787 1429 882 1478 erit;
904 1443 998 1469 nam
1020 1436 1174 1480 praeter
1189 1432 1307 1471 verba
1323 1435 1535 1486 στεφανοῦν
1551 1427 1787 1487 ἐψηφίσαντο

75 1496 304 1541 Παυσανίαν
334 1513 436 1554 quae
462 1503 565 1543 alius
598 1503 827 1550 cuiusdam,
870 1501 1040 1540 fortasse
1069 1502 1319 1556 Theopompi
1351 1517 1399 1543 ex
1433 1504 1591 1556 scriptis
1623 1505 1787 1556 repetita

78 1578 182 1623 sunt,
214 1574 312 1614 nihil
344 1574 413 1623 eis,
447 1587 548 1626 quae
578 1573 721 1614 Aesch.
754 1572 885 1619 habet,
917 1572 1112 1612 absonum
1144 1580 1216 1616 est.

90 1698 92 1702 v
291 1645 393 1686 Plut.
427 1659 461 1686 c.
498 1648 552 1686 22
583 1646 682 1687 init..

138 1719 177 1758 1.
205 1711 338 1768 Ἔγνω
369 1715 438 1771 μὲν
469 1711 536 1756 οὖν
565 1714 698 1771 κρῦφα
727 1714 795 1769 τὴν
826 1717 893 1753 τοῦ

74 1783 129 1828 Φ.
159 1786 339 1843 τελευτὴν
369 1783 391 1827 ὁ
411 1783 470 1834 Δ.,
500 1785 894 1841 προκαταλαμβάνων

74 1857 118 1899 δὲ
147 1859 191 1900 τὸ
220 1858 383 1913 θαρρεῖν
412 1854 476 1902 ἐπὶ
504 1859 552 1898 τὰ
579 1856 774 1913 μέλλοντα
805 1856 895 1902 τοὺς

74 1925 319 1987 Ἀθηναίους
349 1928 531 1986 προῆλθε
559 1928 721 1986 φαιδρὸς
751 1925 806 1974 εἷς
826 1929 894 1984 τὴν

74 2000 233 2058 βουλήν,
272 1997 327 2048 ὡς
366 1996 460 2056 ὄναρ
499 1993 700 2055 ἑωρακώς,
740 1998 808 2057 ἀφ’
847 1996 893 2040 οὗ

73 2085 108 2114 τι
122 2073 224 2128 μέγα
238 2070 460 2127 προσδοκᾶν
474 2069 708 2129 Ἀθηναίοις
723 2069 893 2124 ἀγαθόν·

138 2360 178 2401 2.
207 2357 277 2399 καὶ
312 2357 394 2414 μετ’
426 2354 472 2399 οἳ)
507 2357 608 2399 πολὺ
644 2364 828 2415 παρῆσαν
858 2354 894 2398 οἱ

75 2429 140 2470 τὸν
160 2425 214 2469 Φ.
234 2429 406 2470 θάνατον
427 2427 746 2483 ἀπαγγέλλοντες·
773 2426 894 2476 εὐθὺς

74 2497 159 2541 οὖν·
182 2498 302 2542 ἔθυον
346 2497 554 2555 εὐαγγέλια
603 2515 640 2542 κ.
683 2507 894 2559 στεφανοῦν

75 2568 312 2630 ὲφηφίσαντο
344 2570 582 2614 Παυσανίαν.

137 2720 176 2759 3.
197 2729 236 2756 κ.
256 2715 458 2773 προῆλθεν
479 2713 500 2756 ὁ
521 2713 565 2756 Δ.
586 2714 690 2772 ἔχων
711 2715 893 2772 λαμπρὸν

73 2781 223 2843 ἱμάτιον
232 2784 557 2845 ἐστεφανωμένος,
569 2785 738 2845 ἑβδόμην
744 2786 895 2845 ἡμέραν

73 2863 146 2915 τῆς
164 2858 364 2914 θυγατρὸς
384 2856 501 2901 αὐτοῦ
521 2860 768 2916 τεθνηκυίας,
797 2856 851 2906 ὡς
871 2856 893 2899 ὁ

76 2925 195 2986 Αὶσχ.
227 2931 323 2988 φησὶ
357 2930 544 2986 λοιδορῶν
581 2930 643 2972 ἐπὶ
672 2931 793 2985 τουτῳ
824 2931 895 2972 καὶ

75 3008 305 3061 κατηγορῶν
336 2999 454 3045 αὐτοῦ
483 3005 808 3061 μισοτεκνίαν

1196 1646 1340 1686 Aesch.
1376 1659 1410 1686 c.
1445 1646 1549 1688 Ctes.

1025 1720 1062 1760 1.
1087 1719 1123 1767 3,
1146 1719 1212 1757 77;
1236 1712 1281 1757 Δ.
1305 1721 1459 1770 πρῶτος
1480 1714 1543 1757 διὰ
1562 1722 1636 1758 τῶν
1658 1729 1785 1758 κατα-

963 1788 1133 1835 σκόπων,
1159 1793 1234 1827 τῶν
1253 1789 1362 1842 παρὰ
1384 1785 1631 1844 Χαριδήμου,
1653 1788 1785 1829 πυθό-

963 1872 1078 1914 μενος
1104 1860 1172 1915 τὴν
1193 1855 1246 1899 Φ.
1267 1858 1460 1915 τελευτήν,
1494 1865 1569 1900 τῶν
1590 1860 1659 1915 μὲν
1679 1860 1785 1900 θεῶν

963 1919 1201 1976 συμίῑῑΐλόῑΰας
1216 1927 1341 1984 ἑαυτῷ
1357 1927 1525 1971 ἐνυπνιον
1539 1931 1784 1986 κατεψεὺσα-

962 2013 1018 2048 το,
1041 1996 1095 2046 ὡς
1111 1997 1155 2041 οὔ
1172 2002 1281 2056 παρὰ
1297 1999 1534 2058 Χαριδήμου
1555 2003 1597 2042 τὸ
1618 2008 1783 2057 πρᾶγμα

961 2073 1217 2127 πεπυσμένος,
1250 2070 1356 2113 ἀλλὰ
1386 2073 1497 2127 παρὰ
1527 2077 1594 2112 τοῦ
1623 2069 1715 2118 Διὸς
1746 2084 1783 2111 κ.

963 2150 1033 2200 τῆς
1063 2140 1258 2200 Ἀθηνᾶς,
1295 2141 1363 2190 οὓς
1395 2140 1488 2199 μεθ’
1518 2140 1671 2200 ἡμέραν
1703 2139 1786 2183 ἐπι-

962 2222 1090 2270 ορκῶν
1110 2215 1260 2270 νυκτωρ
1292 2215 1406 2272 φησὶν
1427 2211 1554 2269 ἑαυτῷ
1585 2214 1787 2266 διαλέγεσ-

962 2287 1035 2327 θαι
1054 2299 1092 2327 κ.
1108 2287 1157 2327 τὰ
1178 2285 1372 2342 μέλλοντα
1392 2284 1554 2327 ἔσεσθαι
1574 2284 1785 2341 προλέγειν.

1025 2364 1062 2401 2.
1083 2363 1122 2409 3,
1145 2362 1245 2402 16οε
1275 2354 1408 2413 ἐπειδὴ
1431 2354 1464 2397 δ’
1485 2353 1710 2414 ἐτελευτησε
1731 2354 1785 2397 Φ.

962 2426 1093 2476 Ἀλέξ.
1111 2426 1144 2469 δ’
1157 2426 1212 2476 εἰς
1226 2430 1294 2485 τὴν
1316 2427 1446 2485 ἀρχὴν
1465 2431 1647 2485 κατέστη,
1668 2427 1784 2469 πάλιν

963 2498 1079 2548 αυτὸς
1093 2503 1400 2556 τερατευόμενος,
1418 2497 1503 2554 ἱερὰ
1518 2501 1587 2555 μὲν
1602 2495 1784 2554 ἱδρυσατο

965 2570 1205 2621 Παυσανίου,
1237 2569 1291 2619 εἰς
1323 2568 1448 2612 αἰτίαν
1479 2570 1522 2611 δὲ
1553 2567 1786 2623 εὐαγγελίων

962 2645 1106 2690 θυσίας
1126 2645 1193 2700 τὴν
1214 2643 1359 2699 βουλὴν
1380 2645 1595 2699 κατέστησε
1625 2647 1786 2698 ποιῆσαι

1024 2721 1063 2759 3.
1099 2721 1137 2768 3,
1172 2721 1235 2759 77:
1269 2712 1439 2772 ἑβδόμην
1469 2711 1502 2754 δ’
1532 2711 1684 2771 ἡμέραν
1715 2719 1785 2770 της

962 2788 1161 2842 θυγατρὸς
1192 2784 1296 2841 αυτῷ
1327 2786 1666 2842 τετελευτηκυίας,
1699 2785 1785 2839 πρὶν

962 2860 1160 2916 πενθῆσαι
1194 2883 1246 2888 -—
1285 2858 1430 2915 λευκὴν
1468 2855 1622 2914 ἐσθῆτα
1651 2855 1785 2910 λαβὼν

963 2928 1165 2985 ἐβουθὺτει
1198 2954 1250 2961 —

1023 3006 1045 3055 ἓ
1082 3007 1152 3048 78:
1186 3000 1207 3045 ὁ
1238 3004 1544 3061 μισότεκνος
