2138 3386
1072 226 1352 276 „42-

366 337 440 385 ὗπὸ
470 339 668 386 Φιλίππου
698 345 813 400 χάριν
843 339 983 394 αὖτοὺς
1013 342 1241 397 ἀποδοῦναι,
1284 345 1327 403 2)
1357 344 1410 389 ὧν
1441 344 1473 388 δ’
1503 343 1566 405 ὑφ’
1592 343 1700 404 ὑμῶν
1730 344 1912 405 ἠδίκηντο
1941 344 2050 406 δίκην

366 413 498 468 λαβεῖν
528 419 626 458 adde
657 419 678 465 ἓ
713 419 827 466 161.)
1088 464 1090 469 Α

504 488 680 529 Alteram
699 489 931 529 sententiam
947 490 995 529 ad
1014 490 1315 541 Theopompum
1328 491 1554 540 referemus,
1577 491 1688 531 cuius
1709 504 1800 532 cum
1821 491 1948 534 verbis
1961 495 2049 544 tam

365 562 447 599 arte
478 559 670 608 cohaeret,
703 564 746 599 ut
777 559 958 600 divellere
987 573 1075 600 eam
1105 574 1358 612 nequeamus,
1433 591 1436 595 -

504 630 584 670 Iam
615 643 705 670 vero
737 631 786 670 ad
817 643 908 670 eum
937 631 1069 671 locum
1095 632 1333 681 devenimus,
1368 632 1433 683 qui
1454 632 1728 682 indagantibus
1749 632 1875 681 nobis,
1908 631 2050 683 quibus

363 700 598 740 Plutarchus
637 701 810 741 fontibus
842 701 1018 750 nitatur,
1048 715 1170 752 paene
1207 702 1541 754 inexsuperabiles
1586 703 1832 743 difficultates
1873 703 2050 745 obstruit.

364 771 671 823 Theopompi
704 772 808 811 enim
840 772 1071 822 auctoritati,
1106 773 1172 823 qui
1203 774 1263 813 bis
1285 775 1427 813 allatus
1456 774 1583 824 priore
1604 773 1762 824 quidem
1786 774 1874 815 loco
1894 773 2052 825 propria

362 843 478 882 habet
511 843 590 882 sive
621 843 753 894 qualia
783 845 888 894 apud
927 845 1079 884 nullum
1111 846 1231 885 alium
1263 845 1498 896 scriptorem
1534 845 1764 892 invenimus,
1805 843 1928 885 altero
1965 845 2052 884 loco

365 915 414 962 (c.
441 915 491 953 18
515 914 631 962 extr.)
663 915 761 954 tales
792 928 855 954 res
879 928 921 954 se
952 915 1090 955 debere
1111 917 1346 956 Plutarchus
1378 916 1521 956 diserte
1542 915 1751 966 praedicat,
1784 915 1919 966 quales
1949 915 2052 966 apud

359 984 599 1024 Aeschinem
630 985 854 1024 etiamnunc
886 991 1041 1026 exstare
1072 987 1259 1028 videmus.
1322 987 1399 1027 Res
1431 987 1541 1037 ipsas
1573 990 1875 1037 perscrutemur.
1925 985 2054 1037 Atque

361 1060 403 1094 ut
426 1055 571 1103 statim,
605 1069 794 1106 quorsum
816 1057 992 1106 quaestio
1015 1063 1174 1108 spectet,
1208 1063 1407 1109 appareat,
1441 1062 1530 1097 ante
1551 1057 1683 1101 omnia
1703 1057 1910 1110 alteram
1931 1056 2055 1096 Theo-

364 1126 496 1176 pompi
519 1127 752 1166 sententiam
769 1127 994 1167 examinare
1009 1129 1135 1170 liceat.
1169 1129 1255 1177 Qui,
1280 1142 1371 1168 cum
1386 1128 1574 1168 iudicium
1589 1129 1636 1167 de
1652 1127 1927 1173 Demosthenis
1948 1128 2054 1178 apud

363 1196 572 1236 Thebanos
604 1197 823 1237 actionibus
862 1199 1027 1248 tulisset,
1070 1200 1166 1239 haec
1204 1200 1282 1239 fere
1322 1185 1376 1238 in·
1394 1204 1567 1238 extremo
1600 1197 1855 1250 proposuisse
1885 1198 2051 1242 videtur:

361 1261 671 1306 ἐδυνάστευεν
692 1263 838 1311 ἀδίκως
859 1266 928 1306 καὶ
947 1264 1039 1321 παρ’
1060 1265 1180 1315 ἀξίαν,
1213 1270 1448 1320 quibuscum
1475 1264 1525 1323 et:
1534 1269 1801 1309 antecedentia
1821 1270 1939 1309 verba
1958 1281 2054 1309 con-

362 1337 520 1387 iungere
550 1351 681 1377 rerum
712 1352 815 1378 nexu
848 1339 1035 1388 cogimur,
1081 1353 1320 1390 quamquam
1353 1340 1436 1379 sine
1467 1340 1596 1388 dubio,
1638 1340 1742 1390 quod
1771 1339 2054 1382 Demosthenes

365 1408 426 1447 his
445 1409 570 1458 magis
588 1410 769 1448 laudatur
790 1423 909 1460 quam
930 1410 1236 1461 reprehenditur,
1270 1424 1319 1450 ne
1340 1412 1468 1450 solum
1485 1411 1786 1461 Theopompum
1803 1409 2057 1450 Plutarchum

363 1479 622 1530 exscripsisse
643 1485 838 1530 putemus,
864 1481 1124 1531 prohibemur.
1159 1482 1235 1521 Sed
1260 1483 1308 1520 de
1331 1482 1392 1520 his
1415 1486 1575 1532 postea3
1597 1494 1701 1521 nunc
1722 1482 1885 1521 doceam
1905 1467 2057 1532 oportet

362 1551 600 1591 Aeschinem
630 1551 766 1590 eadem
797 1551 922 1590 fusius
955 1554 995 1600 3,
1021 1554 1100 1594 145
1135 1553 1345 1603 opprobrio
1377 1554 1469 1592 dare
1499 1553 1773 1592 Demostheni:
1806 1548 1980 1604 δεύτερον
2011 1547 2055 1589 δὲ

363 1617 538 1675 ἀδίκημα
559 1616 752 1675 ἠδίκησεν,
780 1617 835 1660 ὅτι
855 1621 898 1659 τὸ
919 1618 1188 1674 βουλευτήριον
1209 1620 1251 1659 τὸ
1267 1626 1338 1675 τῆς
1350 1619 1503 1666 πόλεως
1518 1632 1555 1660 κ.
1572 1621 1639 1675 τὴν
1655 1617 1918 1675 δημοκρατίαν
1935 1617 2056 1675 ἄρδην

361 1688 507 1730 ἔλαθεν
537 1686 774 1746 ὃφελόμενος
803 1703 840 1730 κ.
873 1693 1101 1746 μετήνεγκεν
1128 1687 1169 1736 ἐς
1191 1687 1328 1746 Θήβας
1358 1686 1411 1736 εἷς
1432 1691 1499 1746 τὴν
1520 1679 1724 1745 Καδμείαν
1754 1686 1953 1732 κοινωνίαν
1983 1695 2055 1731 τῶν

362 1760 536 1815 πράξεων
551 1766 629 1807 τοῖς
645 1758 916 1816 Βοιωτάρχαις
933 1761 1181 1815 συνθέμενος.
1198 1761 1266 1801 καὶ
1281 1760 1513 1817 τηλικαυτην
1531 1757 1647 1807 αὐτὸς
1662 1757 1766 1815 αυτῷ
1783 1759 2056 1802 δυναστείαν

361 1832 654 1880 κατεσκευασεν,
676 1829 763 1871 ὥστ’
783 1830 860 1888 ἤδη
882 1833 1028 1885 παριὼν
1049 1828 1110 1871 ἐπὶ
1131 1833 1173 1872 τὸ
1194 1832 1316 1887 βῆμα,
1338 1831 1581 1886 πρεσβευσειν
1597 1833 1666 1886 μὲν
1690 1830 1765 1888 ἔφη
1782 1829 1869 1872 ὅποι
1883 1828 1930 1872 ἂν
1951 1827 2054 1884 αὐτῷ

362 1901 474 1956 δοκῇ,
505 1899 579 1942 κᾶν
610 1903 665 1957 μὴ
687 1898 795 1956 ὑμεῖς
817 1899 1053 1957 ἐκπέμπητε,
1085 1899 1117 1941 εἰ
1139 1901 1180 1942 δέ
1200 1916 1254 1948 τις
1276 1899 1379 1956 αὐτῷ
1400 1908 1473 1942 τῶν
1494 1908 1716 1958 στρατηγῶν
1737 1899 1912 1950 ἀντείποι,
1937 1913 2055 1943 κατα·

366 1972 624 2027 δουλώμενος
654 1973 742 2018 τοὺς
773 1971 968 2027 ἄρχοντας
999 1985 1036 2012 κ.
1068 1970 1276 2018 συνεθίζων
1306 1971 1426 2028 μηδὲν
1447 1969 1549 2026 αὐτῷ
1571 1970 1787 2025 ἀντιλέγειν,
1817 1971 2056 2012 διαδικασίαν

361 2041 436 2100 ἔφη
466 2044 622 2097 γράψειν
652 2049 704 2096 τῷ
737 2043 879 2099 βήματι
909 2043 1008 2096 πρὸς
1040 2043 1083 2082 τὸ
1105 2047 1358 2098 στρατηγεῖον.
1392 2045 1456 2093 (cf.
1483 2045 1624 2084 Aesch.
1650 2047 1688 2094 3,
1722 2047 1804 2086 220
1832 2067 1877 2071 —
1904 2038 2054 2083 ὀδυνα-

361 2114 501 2154 στευων
527 2138 589 2162 -,
612 2119 648 2164 3,
675 2119 757 2156 233
781 2138 825 2143 -
850 2115 917 2169 τὴν
939 2109 1056 2153 αὑτοῦ
1078 2112 1327 2164 δυναστείαν),
1353 2116 1494 2166 quibus
1517 2121 1554 2155 et
1575 2116 1673 2156 haec
1693 2117 1888 2156 addenda:
1911 2115 2052 2155 Aesch.

363 2189 400 2235 3,
425 2188 525 2228 15οε
550 2181 604 2230 ὡς
625 2181 658 2223 δ’
679 2181 724 2224 οἵ)
746 2181 952 2239 προςεῖχον
973 2180 1075 2237 αὐτῷ
1092 2180 1127 2223 οἱ
1148 2182 1334 2238 ἄρχοντες
1355 2179 1390 2222 οἱ
1412 2180 1451 2223 ἐν
1471 2188 1553 2229 ταῖς
1570 2181 1731 2239 Θήβαις,
1752 2182 1860 2226 ἀλλὰ
1879 2183 1948 2223 καὶ
1967 2183 2055 2228 τοὺς

361 2257 593 2308 στρατιώτας
614 2255 702 2301 τοὺς
722 2251 929 2309 ὑμετέρους
957 2253 1072 2294 πάλιν
1104 2252 1334 2308 ἀνέστρεψαν
1366 2251 1665 2309 ἐξεληλυθότας,
1693 2251 1757 2295 ἵνα
1787 2253 2054 2309 βουλεὺσησθε

360 2326 530 2381 περὶτῆς
546 2322 712 2381 εἰρήνης,
734 2322 905 2366 ἐνταῦθα
921 2326 1159 2365 παντάπασιν
1175 2322 1328 2380 ἔκφρων
1342 2321 1488 2375 ἐγένετο
1508 2337 1544 2364 κ.
1566 2324 1777 2379 παρελθὼν
1793 2321 1855 2364 ἐπὶ
1869 2324 1911 2364 τὸ
1932 2323 2054 2379 βῆμα,

359 2394 553 2449 προδότας
581 2396 670 2442 τοὺς
700 2393 957 2450 Βοιωτάρχας
989 2393 1208 2435 ἀπεκάλεσε
1238 2407 1275 2433 κ.
1306 2395 1463 2448 γράψειν
1493 2393 1569 2450 ἔφη
1600 2395 1780 2450 ψήφισμα
1809 2406 1847 2434 κ.
1877 2407 1908 2434 τ.
1938 2392 1975 2435 λ.

501 2469 666 2508 Restant
696 2469 758 2508 his
790 2482 881 2508 cum
901 2468 1111 2508 Plutarcho
1144 2467 1295 2506 collatis
1326 2468 1442 2507 haec:
1476 2461 1575 2505 οὕτω
1606 2463 1649 2505 δὲ
1680 2467 1780 2520 μέγα
1809 2463 2054 2519 κκλαμπρὸν

360 2525 484 2592 ἐφάνη
505 2537 547 2577 τὸ
568 2542 633 2577 τοῦ
654 2534 816 2592 ῥήτορος
836 2535 958 2591 ἔργον,
990 2533 1086 2576 ὥστε
1107 2536 1169 2575 τὸν
1201 2536 1270 2590 μὲν
1291 2532 1343 2575 Φ.
1365 2532 1484 2582 εὐθὺς
1505 2533 1856 2591 ἐπικηρυκεὺεσθαι
1876 2534 2053 2590 δεόμενον

359 2604 525 2663 εἰρήνης,
558 2605 684 2663 ὀρθὴν
715 2606 758 2647 δὲ
787 2609 854 2663 τὴν
880 2604 1057 2647 Ἑλλάδα
1077 2605 1257 2658 γενέσθαι
1287 2606 1355 2645 καὶ
1376 2605 1693 2662 συνεξαναστῆναι
1717 2607 1813 2660 πρὸς
1832 2606 1875 2646 τὸ
1896 2603 2051 2660 μέλλον,

361 2694 460 2731 quae
491 2694 538 2720 ex
568 2681 677 2720 Dem.
713 2682 779 2729 18,
815 2682 896 2721 218
930 2681 1097 2720 conflata
1136 2692 1224 2718 esse
1253 2679 1462 2718 verisimile
1502 2685 1577 2719 est:
1620 2674 1727 2717 ἀλλὰ
1758 2677 1834 2731 μὴν
1862 2672 1948 2721 οἵας
1977 2671 2052 2715 τότ’

360 2745 463 2804 ἠφίει
493 2750 624 2804 φωνὰς
646 2746 666 2788 ὁ
688 2746 740 2788 Φ.
762 2761 799 2789 κ.
821 2745 860 2788 ἐν
880 2745 979 2795 οἵαις
1010 2745 1056 2803 ἧν
1085 2751 1283 2802 ταραχαῖς
1313 2743 1392 2786 ἐπὶ
1422 2748 1634 2798 τοῦτοις,
1667 2744 1713 2787 ἐκ
1743 2752 1816 2786 τῶν
1845 2742 2052 2786 ἐπιστολῶν

358 2825 431 2859 τῶν
460 2816 607 2859 ἐκείνου
639 2819 875 2874 μαθήσεσθε
907 2816 959 2859 ὧν
989 2815 1043 2864 εἰς
1074 2816 1369 2873 Πελοπόννησον
1400 2816 1576 2873 ἔπεμπεν.

500 2893 705 2931 Praeterea
736 2898 774 2931 et
804 2893 1036 2932 Plutarchea
1075 2891 1160 2931 illa:
1200 2886 1253 2928 ἔτι
1292 2894 1363 2929 τῶν
1404 2886 1600 2928 Φωκικῶν
1638 2888 1866 2941 τραυμάτων
1905 2890 2049 2939 νεαρῶν

358 2962 656 3016 παραμενόντων
677 2976 767 3006 curn
787 2963 1016 3005 Aeschineis
1039 2963 1094 3014 (3,
1122 2961 1239 3011 148):
1273 2955 1318 3000 οὐ
1348 2960 1423 3012 γὰρ
1453 2955 1580 3015 ῥήτωρ
1602 2955 1853 3011 ἀστράτευτος
1872 2969 1909 2996 κ.
1929 2955 2048 2999 λιπὼν
