2138 3386
1079 228 1329 274 ...6.-

352 346 432 388 sed
447 347 650 400 'quicquid
680 347 750 389 ille>
776 348 859 390 hac.
879 348 921 389 in
951 363 994 390 re
1024 351 1221 392 detexisse
1250 363 1292 392 se
1323 350 1455 400 credit,
1488 351 1635 393 falsum-
1661 357 1701 394 et
1729 353 2045 401 commenticium

363 424 435 459 est.
497 419 634 470 Neque
664 420 771 459 enim
801 420 918 460 Duris
950 421 1204 462 Demostheni
1235 423 1328 462 favit
1357 428 1424 462 aut
1453 423 1673 464 Demetrius
1702 425 1760 465 de
1789 437 1836 465 eo
1866 425 2044 474 munit,

364 491 432 530 sed
454 491 694 531 contrarium
715 495 865 532 certum
887 497 966 540 est3
990 497 1190 543 praeterea
1210 493 1328 533 etiam
1348 506 1489 533 omnes
1507 498 1669 543 ceterae,
1692 508 1791 546 quas
1812 495 2045 544 ille‘statuit‚

361 560 605 602 'diversitates
637 567 836 611 corruunt,
869 562 1082 603 dummodo
1115 563 1317 614 scriptoris
1347 565 1466 604 verba
1491 569 1596 606 recte
1615 565 1927 618 interpretemur.
1970 565 2049 611 Sed

362 633 411 672 de
440 632 502 672 his
535 632 636 672 infra
667 633 875 673 dicendum
906 633 989 673 erit.

449 731 452 734 »
505 703 619 743 Nunc
649 705 853 744 enucleare
875 705 914 743 in
936 704 1068 744 animo
1089 709 1160 753 est,
1194 718 1271 756 quo
1292 706 1440 746 factum
1461 706 1523 755 sit,
1555 711 1599 746 ut
1618 707 1664 747 R.
1686 707 1940 749 Plutarchum
1960 721 2050 749 con·

363 773 440 814 silii
471 775 589 825 plane
619 779 821 826 expertem
851 776 901 815 ad
931 775 1033 815 hanc
1063 775 1182 815 vitam
1214 777 1458 817 condendam
1478 783 1816 833 aggressum'esse
1836 778 2050 820 stamar

503 838 566 884 ‘Ut
589 858 688 894 ver0,
712 846 766 886 ait
787 860 824 896 p.
851 847 917 894 35,
941 846 1079 886 talium
1099 847 1276 886 locorum
1298 847 1355 896 (l),
1379 847 1445 899 qui
1465 849 1574 888 nulla
1593 862 1636 888 re
1654 849 1780 900 magis
1796 850 2050 902 splenderent

364 929 483 966 quam
506 922 734 956 coacervata
755 917 1003 956 multitudine
1023 917 1348 967 testimoniorum,
1371 923 1550 959 auctores
1571 924 1853 970 excuterentur,
1874 921 2054 962 hoenin‘e‘s

361 987 468 1027 docti
498 987 645 1038 duplici
675 987 827 1027 ratione
857 987 1063 1028 verissima
1086 989 1142 1028 uti
1164 989 1302 1029 solent.
1354 989 1434 1029 Aut
1455 991 1559 1030 enim
1580 991 1689 1032 aiunt
1708 1004 1799 1032 eum
1818 997 2052 1044 usurpatum

362 1070 461 1106 esse,
478 1057 547 1108 qui
563 1062 689 1098 aetate
705 1059 884 1099 omnium
900 1063 1123 1110 postremus
1138 1064 1242 1100 esset
1258 1065 1326 1100 aut
1338 1060 1509 1112 aliquem
1522 1061 1556 1100 ei
1570 1074 1780 1113 supparem
1794 1059 2051 1114 scriptorem’.

505 1128 668 1169 Habetis
682 1129 765 1169 eius
782 1133 933 1182 πρῶτον
947 1126 1086 1183 ψεῦδος
1099 1146 1107 1178 ;
1122 1131 1309 1181 deceptus
1322 1131 1397 1173 hac.
1410 1137 1530 1183 quam
1542 1133 1789 1173 verissimam
1798 1133 1894 1174 dicit
1905 1130 2054 1174 ratione

363 1201 413 1240 ad
429 1199 612 1240 ultimum
626 1213 774 1249 eorum,
791 1213 891 1251 quos
906 1201 1009 1240 Plut.
1024 1201 1258 1241 nominatim
1268 1203 1391 1250 affert,
1408 1203 1645 1254 scriptorum
1659 1204 1739 1244 sive
1752 1205 1801 1244 ad
1813 1204 2054 1244 Demetrium

362 1271 583 1321 Magnetem
612 1276 660 1311 et
691 1272 741 1311 ad
772 1271 988 1322 aliquem
1019 1285 1231 1323 supparem
1261 1273 1432 1312 defertur
1464 1273 1544 1313 sive
1574 1274 1624 1313 ad
1643 1274 1828 1314 Duridem
1861 1274 2051 1314 Samium.

504 1342 556 1382 At
576 1355 693 1382 nemo
715 1342 843 1382 adhuc
867 1347 1019 1393 praeter
1039 1343 1295 1393 Roesigerum
1323 1344 1521 1384 contendit
1550 1344 1652 1384 hanc
1682 1344 1875 1384 rationem
1903 1345 2056 1385 verissi-

364 1427 475 1453 mam
505 1426 595 1453 esse
626 1418 664 1453 et
695 1413 733 1453 in
766 1427 904 1454 omnes
925 1413 1124 1454 Plutarchi
1146 1414 1245 1454 vitas
1267 1415 1417 1463 cadere,
1450 1415 1541 1455 licet
1562 1414 1798 1466 quibusdam
1817 1415 1941 1455 locis
1961 1428 2055 1455 non-

368 1497 572 1536 nunquam
603 1485 692 1525 usui
725 1485 786 1525 sit.

501 1555 773 1596 Romanorum
793 1556 892 1595 vitas
916 1556 1081 1607 excipio.
1135 1556 1317 1596 Clason
1338 1560 1376 1596 et
1396 1556 1538 1596 Peter
1571 1555 1730 1607 quidem
1759 1562 1995 1598 censuerunt
2015 1557 2055 1598 in

365 1627 525 1675 Galbae,
547 1626 718 1666 Othonis
740 1627 910 1667 aliorum
925 1627 1117 1666 nobilium
1133 1627 1403 1666 Romanorum
1419 1626 1507 1666 vitis
1523 1627 1779 1667 Plutarchum
1794 1640 1872 1667 unc
1888 1629 2055 1679 plerum-

363 1711 439 1749 que
470 1698 577 1738 fonte
608 1711 727 1738 usum
758 1711 858 1746 esse,
893 1699 996 1748 quod
1024 1702 1062 1736 et
1082 1696 1221 1748 reliqui
1243 1697 1312 1736 viri
1333 1696 1450 1746 docti,
1483 1697 1550 1747 qui
1570 1697 1611 1736 in
1631 1697 1706 1737 hac
1725 1710 1772 1737 re
1787 1698 1930 1738 versati
1950 1703 2054 1747 sunt,

365 1770 646 1820 comprobant3
679 1782 806 1820 neque
826 1769 865 1808 id
885 1769 1041 1816 mirum,
1075 1782 1168 1808 nam
1188 1769 1292 1810 Plut.
1316 1768 1400 1819 ipse
1421 1768 1461 1807 in
1482 1767 1546 1808 vit.
1569 1768 1772 1810 Demosth.
1795 1780 1830 1811 e.
1852 1771 1882 1810 2
1898 1769 2054 1818 fatetur,

363 1840 520 1892 quantis
553 1853 644 1880 cum
675 1840 868 1880 molestiis
902 1852 1123 1880 sermonem
1155 1839 1321 1878 latinum
1351 1839 1538 1878 didicerit.

505 1910 652 1951 Contra
664 1911 704 1950 in
720 1911 885 1961 singulis
896 1911 983 1950 vitis
995 1911 1231 1950 Graecorum
1248 1910 1283 1948 ei
1297 1911 1428 1960 plures
1439 1910 1565 1949 fontes
1579 1910 1628 1949 ad
1641 1922 1783 1949 manus
1796 1909 1919 1950 fuisse
1931 1923 2056 1961 neque

363 1995 430 2022 eos
450 1982 703 2022 secundarios
722 1983 791 2022 sed
813 1982 1031 2021 uberrimos
1054 1994 1191 2020 omnes
1211 1980 1446 2020 recentiores
1467 1980 1648 2020 homines
1668 1980 1773 2020 docti
1793 1981 2054 2024 consentiunt.

506 2053 563 2093 Ita
593 2053 710 2092 vitam
736 2052 893 2092 Solonis
915 2052 1034 2092 Henr.
1058 2052 1331 2101 Begemann
1348 2048 1378 2098 1)
1400 2051 1605 2102 Hermippi
1635 2056 1672 2090 et
1702 2051 1856 2102 Didymi
1887 2052 1938 2091 ad
1959 2065 2056 2092 auc-

362 2123 575 2172 toritatem,
608 2123 729 2164 vitam
759 2123 926 2174 Lycurgi
958 2119 1187 2171 Gilbert2)
1219 2124 1268 2162 ad
1299 2122 1503 2172 Hermippi
1535 2127 1572 2161 et
1603 2122 1749 2172 Ephori
1778 2122 1982 2171 revocavit,
2014 2123 2056 2162 in

362 2195 451 2234 vitis
473 2194 620 2243 Niciae,
655 2195 883 2240 Alcibiadis,
917 2194 1107 2244 Lysandri
1128 2193 1317 2242 Fricke,
1342 2179 1455 2232 cuius'
1474 2193 1790 2235 dissertationem
1810 2206 1932 2244 supra
1951 2205 2054 2232 oom-

362 2270 623 2306 memoratam
643 2266 831 2316 Roesiger
861 2266 922 2304 bis
955 2265 1083 2304 attulit
1104 2265 1159 2315 (p.
1183 2267 1237 2305 47
1262 2269 1299 2303 et
1322 2264 1392 2311 51)
1424 2263 1478 2304 ita
1508 2268 1550 2302 ut
1581 2264 1645 2303 ille
1678 2264 1792 2314 plane
1821 2263 1937 2303 huius
1969 2271 2054 2303 sen-

362 2336 527 2377 tentiam
548 2337 859 2388 praemunivisse
879 2336 1066 2383 videatur,
1089 2348 1169 2374 non
1190 2336 1306 2375 modo
1328 2348 1407 2374 non
1426 2347 1551 2374 unum
1570 2335 1627 2374 vel
1645 2335 1744 2373 duos
1757 2334 1911 2384 aliquos
1926 2335 2053 2374 fontes

364 2408 622 2449 Plutarchum
654 2408 893 2458 compilasse
924 2411 1045 2458 putat,
1080 2407 1148 2446 sed
1178 2406 1218 2447 in
1240 2406 1325 2447 Nic.
1348 2406 1412 2445 vit.
1436 2405 1618 2456 quinque,
1651 2404 1693 2444 in
1722 2404 1848 2444 Alcib.
1881 2409 1981 2453 ocho,
2013 2404 2053 2443 in

365 2479 456 2529 Lys.
490 2484 570 2519 tres
603 2484 783 2519 auctores
816 2479 972 2526 invenit,
1008 2491 1248 2528 quamquam
1278 2476 1375 2516 mihi
1406 2476 1562 2527 quidem
1593 2476 1718 2515 multa
1747 2475 1788 2515 in
1817 2474 1879 2514 his
1898 2474 2051 2525 Satyro,

369 2550 508 2589 ultimo
539 2551 790 2589 laudatorum
823 2549 1071 2599 scriptorum,
1104 2547 1286 2602 debuisse
1316 2547 1477 2587 videtur.

506 2621 602 2659 Item
619 2633 756 2660 omnes
774 2619 925 2670 reliqui,
954 2619 1020 2670 qui
1037 2619 1077 2658 in
1094 2619 1417 2658 Plutarchearum
1432 2618 1599 2657 vitarum
1615 2617 1742 2656 fontes
1758 2615 2053 2667 inquisiverunt,

365 2696 602 2730 censuerunt
611 2690 867 2730 Plutarchum
882 2691 1015 2741 plures
1027 2689 1238 2740 scriptores
1249 2701 1502 2738 comparasse
1514 2701 1640 2738 neque
1655 2695 1892 2738 quemquam
1905 2699 2052 2735 eorum,

366 2774 414 2800 ex
447 2761 590 2811 quibus
622 2761 768 2811 aliquid
800 2761 1063 2811 profecturum
1098 2772 1142 2798 se
1172 2771 1259 2798 esse
1290 2758 1484 2808 sperabat,
1519 2757 1725 2809 sprevisse.

509 2831 702 2880 Ceterum,
735 2831 890 2871 etiamsi
921 2831 961 2870 in
992 2830 1174 2870 omnibus
1205 2829 1343 2869 ceteris
1375 2829 1462 2868 vitis
1483 2828 1737 2868 Plutarchum
1758 2840 1906 2878 paucos
1927 2827 2054 2866 fontes

508 2921 537 2967 ¹)
563 2924 832 2967 Begemann
855 2919 1100 2965 ‘Quaestiones
1126 2917 1307 2955 Soloneae‘
1331 2931 1427 2964 spec.
1453 2920 1490 2962 Ι.-,
1516 2917 1785 2954 Holtesmindae
1811 2916 1913 2952 1875.

508 2978 536 3036 ²)
560 2981 746 3017 Gilbert
770 2979 930 3023 ‘Studien
956 2992 1017 3016 zur
1041 2982 1202 3030 altspart.
1229 2975 1377 3024 Geschss’,
1404 2979 1598 3023 Gottingen
1625 2978 1726 3021 1872,
1752 2989 1787 3024 p.
1812 2977 1858 3013 97
1883 2977 1920 3014 ff.
