2138 3386
1087 249 1370 298 -48—

521 370 759 412 Provocatus
790 372 974 414 extremis
1005 375 1189 415 conviciis
1220 376 1269 415 ab
1290 375 1485 415 Aeschine
1509 375 1548 415 in
1569 375 1872 417 Demosthenem
1903 381 2062 429 propter

380 437 619 496 μισοτεκνίαν
649 443 835 483 coniectis
866 444 1113 494 Plutarchus,
1146 446 1208 485 cui
1239 447 1287 485 de
1318 446 1493 485 moribus
1525 446 1793 498 philosophari
1822 448 1864 488 in
1894 448 2060 489 summis

380 514 529 554 deliciis
561 514 650 563 fuit,
693 514 805 554 illum
842 515 970 555 allatis
1002 516 1136 555 multis
1168 521 1206 556 et
1236 517 1474 566 argumentis
1506 522 1543 557 et
1573 518 1688 557 rebus
1719 519 1871 559 refutat.
1933 518 2062 570 Atque

380 590 417 624 et
447 590 677 635 argumenta
707 590 744 624 et
775 598 837 624 res
865 607 909 612 —
936 586 975 626 id
1006 587 1109 637 quod
1141 587 1367 626 firmissimo
1398 591 1555 626 nostrae
1578 588 1790 628 sententiae
1809 589 2062 629 fundamento

380 661 440 695 est
466 677 511 682 —
544 669 592 695 ex
623 656 885 696 Demosthene
916 661 954 695 et
983 656 1178 696 Aeschine
1208 662 1409 696 mutuatus
1440 662 1510 705 est,
1544 638 1779 707 quibusdam
1808 659 2060 710 argumentis,

379 732 421 765 ut
452 727 566 766 facile
596 732 655 766 est
685 726 895 774 intellectu,
928 740 975 766 ex
1007 726 1132 778 ipsius
1163 727 1317 777 ingenio
1349 733 1385 766 et
1417 727 1548 766 animo
1579 728 1733 770 additis.
1790 729 1944 770 Etenim
1972 742 2064 770 cum

379 797 447 845 eis,
481 811 581 847 quae
611 798 792 847 leguntur
813 797 853 836 in
872 797 1014 837 Aesch.
1039 800 1077 846 3,
1101 800 1173 838 57:
1206 796 1273 835 καὶ
1302 795 1390 841 τοὺς
1420 794 1708 851 φιλανθρώπως
1732 809 1770 837 κ.
1794 797 1957 852 μετρίως
1985 802 2065 845 τοῖς

378 872 447 921 τῆς
476 864 630 911 πόλεως
660 867 860 919 πράγμασι
890 868 1165 921 χρησαμένους
1187 869 1428 920 (Philippum
1457 874 1494 907 et
1514 868 1798 918 Alexandrum)
1829 875 1867 910 et
1891 869 1932 911 in
1951 870 2062 911 Dem.

383 940 447 986 18,
469 940 570 978 231:
587 941 656 991 τῆς
672 934 979 991 φιλανθρωπίας,
994 934 1041 991 ἢν
1057 937 1104 976 τὰ
1120 935 1238 976 λοιπὰ
1250 942 1322 975 τῶν
1334 938 1571 990 πραγμάτων
1583 933 1728 983 ἐκεῖνος
1738 935 2066 993 περιβαλλόμενος

378 1003 583 1046 ἐπλάττετο
615 1014 834 1058 congruunt
853 1009 1102 1048 Plutarchea:
1136 1005 1326 1059 βασιλέως
1354 1003 1511 1062 ἡμέρως
1537 1003 1636 1047 οὕτω
1657 1020 1694 1047 κ.
1715 1006 2005 1064 φιλανθρώπως
2025 1004 2064 1049 ἐν

378 1074 437 1126 οἷς
465 1073 661 1132 ηὒτὺχησε
692 1078 942 1132 χρησαμένου
973 1072 1173 1117 πταίσασιν
1203 1073 1348 1126 αὒτοῖς;
1380 1080 1615 1131 quibuscum
1646 1085 1683 1120 et
1713 1081 1927 1132 Polybiane.
1945 1081 1978 1120 V
2010 1082 2063 1122 10

380 1150 646 1200 comparanda
677 1155 788 1197 sunt,
833 1163 954 1200 quae,
989 1149 1022 1188 si
1054 1150 1270 1188 seeundum
1302 1150 1604 1202 Theopompum
1635 1151 1780 1203 scripta
1811 1157 1919 1201 sunt,
1960 1153 2064 1203 quod

378 1220 598 1259 Wichersio
622 1221 647 1261 l.
670 1233 721 1259 m.
738 1225 775 1259 et
790 1226 889 1273 Lcum
913 1233 958 1259 eo
974 1220 1016 1259 C.
1039 1220 1223 1259 Muellero
1245 1221 1356 1260 1323
1381 1222 1538 1271 placuit,
1560 1222 1814 1262 Plutarchum
1833 1223 1946 1262 tertio
1966 1227 2065 1262 teste

379 1291 513 1331 nixum
548 1291 644 1330 satis
676 1304 819 1330 causae
850 1291 1048 1339 habuisse,
1082 1304 1151 1330 cur
1181 1291 1256 1330 hoc
1287 1292 1516 1342 perhiberet,
1550 1293 1772 1332 testimonio
1804 1298 1907 1334 sunt.

522 1363 664 1401 Postea
690 1384 734 1388 —
763 1363 866 1413 quod
887 1362 1019 1412 ipsum
1040 1367 1220 1401 accurate
1240 1362 1626 1402 animadvertendum
1648 1377 1735 1403 esse
1755 1377 1896 1403 censeo
1925 1384 1971 1390 -
1996 1363 2066 1403 De-

383 1433 626 1472 mosthenico
658 1438 888 1482 argumento
920 1438 1002 1471 tam
1034 1433 1239 1483 perspicue
1269 1433 1400 1481 utitur,
1434 1438 1476 1472 ut
1507 1447 1576 1484 pro
1608 1434 1827 1474 certissimo
1849 1434 1928 1474 iam
1948 1439 2067 1474 statu-

383 1505 527 1543 endum
555 1503 605 1542 sit
635 1516 726 1542 eum
746 1503 862 1542 huius
884 1503 1098 1542 orationem
1119 1504 1166 1542 de
1187 1516 1332 1543 corona
1347 1505 1607 1554 compositam
1624 1505 1911 1544 studiosissime
1926 1505 2068 1555 legisse

383 1580 420 1614 et
452 1579 739 1625 perscrutatum
761 1587 859 1615 esse.
906 1574 980 1622 An,
1014 1587 1114 1624 quae
1134 1575 1243 1614 Dem.
1270 1576 1334 1622 18,
1370 1576 1451 1614 287
1475 1575 1624 1615 verbis:
1657 1570 1737 1613 εἶτα
1766 1573 1836 1613 καὶ
1863 1575 2070 1629 προσήκειν

382 1639 715 1697 ὑπολαμβάνοντες
738 1666 790 1671 -
814 1640 914 1697 μηδὲ
933 1647 980 1696 τῇ
1002 1647 1111 1699 φωνῇ
1133 1641 1309 1696 δακρὺειν
1339 1638 1632 1698 ὑποκρινόμενον
1658 1645 1726 1699 τὴν
1755 1640 1907 1684 ἐκείνων
1936 1644 2068 1699 τὺχην,

382 1710 488 1753 ἀλλὰ
518 1717 565 1766 τῇ
597 1714 706 1767 ψυχῇ
737 1711 936 1764 συναλγεῖν
966 1716 1059 1754 boni
1091 1715 1184 1755 civis
1216 1729 1303 1755 esse
1334 1717 1543 1764 contendit,
1576 1716 1771 1756 contraria
1802 1721 1893 1756 sunt
1923 1721 1961 1756 et
1989 1729 2069 1756 non

382 1786 619 1836 respondent
648 1785 891 1824 Plutarcheis
922 1779 1077 1838 τίθεμαι
1113 1781 1332 1837 ἀνδρώδους
1372 1785 1503 1840 ψυχῆς
1537 1807 1586 1813 -
1620 1785 1717 1839 πρὸς
1754 1785 1821 1840 τὴν
1858 1779 2069 1828 findor-:M

525 1856 638 1906 Cap.
674 1858 740 1895 23.
803 1856 888 1895 Hoc
920 1870 1076 1907 quoque
1107 1858 1233 1907 capite
1263 1857 1364 1897 Plut.
1398 1858 1447 1896 ad
1477 1857 1713 1896 Aeschinem
1750 1862 1951 1908 spectasse
1981 1870 2069 1896 con-

385 1932 617 1966 sentaneum
648 1932 729 1974 est3
762 1940 855 1966 nam
887 1927 947 1966 bis
979 1940 1071 1966 cum
1100 1940 1146 1966 eo
1178 1927 1377 1977 congruit:

650 1998 753 2039 Plut.
786 2010 819 2037 c.
855 2000 926 2038 23:
1490 1998 1631 2040 Aesch.
1667 2000 1705 2047 3,
1741 2000 1842 2039 160:

445 2070 482 2109 1.
513 2064 634 2106 παῖδα
669 2078 707 2105 κ.
738 2062 940 2122 Μαργίτην
978 2064 1191 2107 ἀποκαλῶν
1325 2071 1362 2110 1.
1393 2064 1607 2121 ἐπωνυμίαν
1633 2063 1666 2106 δ’
1685 2063 1931 2121 Ἀλεξάνδρῳ
1951 2063 2070 2121 Μαρ-

384 2133 498 2177 αὒτόν
528 2138 831 2187 (Alexandrum)
1261 2138 1367 2193 γίτην
1396 2133 1547 2177 ἐτίθετο
1829 2138 1833 2142 ’

444 2212 483 2250 2.
509 2230 558 2237 -
583 2204 604 2247 ὁ
624 2204 725 2262 Δημ.
747 2203 919 2261 αἱρεθεὶς
945 2205 1036 2262 μεθ’
1056 2205 1192 2263 ἐτέρων
1324 2213 1360 2250 2.
1400 2210 1541 2250 Aesch.
1583 2213 1620 2258 3,
1661 2211 1762 2250 161:
1808 2204 1939 2263 ἐπειδὴ
1984 2207 2070 2262 περὶ

381 2278 617 2332 πρεσβευτὴς
646 2278 743 2331 πρὸς
763 2274 1031 2332 Ἀλέξανδρον,
1062 2275 1193 2324 δείσας
1263 2276 1400 2334 Θήβας
1430 2277 1476 2334 ἧν
1496 2280 1539 2318 τὸ
1560 2277 1810 2332 στρατόπεδον
1836 2278 2070 2334 πρεσβευτὴς

382 2348 425 2389 δὲ
455 2350 521 2404 τὴν
552 2345 668 2403 ὀργὴν
698 2345 745 2388 ἐκ
769 2353 834 2388 τοῦ
855 2346 1104 2403 Κιθαιρῶνος
1124 2346 1193 2389 ἀν-
1262 2345 1325 2404 ὑφ’
1354 2345 1459 2404 ὑμῶν
1495 2348 1782 2404 χειροτονηθεὶς
1820 2346 1995 2404 ἀποδρὰς
2024 2345 2069 2388 ἐκ

383 2421 583 2475 εχώρησεν
627 2416 749 2459 ὀπίσω
793 2431 830 2458 κ.
881 2420 947 2474 τὴν
990 2415 1193 2473 πρεσβείαν
1263 2416 1382 2474 μέσου
1428 2425 1492 2459 τοῦ
1538 2416 1786 2473 Κιθαιρῶνος
1830 2416 1925 2475 ἧκεν
1974 2415 2070 2459 ὓπο-

383 2487 532 2546 ἀφῆκεν
1263 2491 1438 2545 στρέψας.
1969 2503 1992 2553 ,ι

526 2562 633 2602 Haec
663 2562 796 2602 omnia
827 2576 873 2602 ex
906 2563 1044 2602 eodem
1074 2563 1172 2611 loco,
1205 2564 1307 2602 unde
1328 2576 1374 2602 ea
1395 2575 1494 2613 quae
1515 2576 1548 2603 c.
1574 2565 1627 2603 22
1651 2577 1698 2603 ex
1719 2563 1914 2603 Aeschine
1934 2562 2069 2614 repeti-

383 2639 501 2683 verat,
533 2633 764 2685 desumpsit.

525 2705 577 2743 At
607 2705 741 2744 fierine
772 2703 915 2756 potuit,
958 2709 1000 2744 ut
1030 2704 1131 2746 Plut.
1164 2704 1261 2744 haec
1291 2703 1345 2743 ita
1377 2710 1535 2754 augeret
1565 2710 1602 2745 et
1633 2706 1850 2753 adornaret,
1892 2709 1935 2744 ut
1964 2717 2069 2744 nunc

385 2777 568 2816 exstant?
614 2775 784 2816 Minime.
830 2775 925 2823 Quis
957 2781 1088 2815 autem
1119 2775 1153 2814 ei
1183 2775 1279 2814 haec
1311 2777 1584 2826 supplementa
1615 2776 1803 2827 praebuit,
1836 2776 1895 2814 vel
1926 2775 2067 2826 potius,

386 2860 485 2897 quos
524 2846 733 2897 scriptores
773 2847 875 2886 Plut.
914 2846 961 2884 de
998 2847 1113 2885 rebus
1152 2846 1242 2884 inde
1283 2859 1306 2885 a
1345 2846 1515 2897 Philippi
1554 2851 1677 2885 morte
1715 2846 1834 2895 gestis
1871 2845 2069 2885 excussit?

387 2917 576 2967 Equidem
606 2917 749 2956 nescio.
798 2916 1045 2967 Theopompi
1068 2916 1171 2955 enim
1192 2915 1411 2966 Philippica
1441 2929 1519 2955 non
1549 2917 1651 2955 ultra
1681 2916 1846 2955 deducta
1877 2919 1986 2955 erant
2016 2920 2067 2964 et,

388 3001 626 3044 quamquam
657 2988 809 3027 duobus
841 2986 1068 3038 fragmentis
1100 3000 1188 3026 eum
1222 2987 1429 3026 nonnullas
1460 2999 1523 3026 res
1554 2990 1643 3038 post
1664 2998 1812 3026 annum
1833 2987 1917 3026 324
1939 2990 2068 3037 gestas
