2138 3386
1098 267 1379 317 „4¹6...

532 394 678 435 Contra
697 393 803 447 prior
824 408 916 448 pars
938 407 1037 446 cap.
1062 397 1113 435 21
1139 400 1219 435 tota
1240 395 1375 434 nititur
1396 395 1506 438 Dem.
1533 408 1588 437 or.
1614 397 1662 437 de
1682 407 1762 440 cor.
1784 398 1806 447 ἓ
1830 394 2073 451 2482-2·‚⁹}so

392 469 527 508 285-
538 468 639 506 286.

606 549 708 590 Ρ1111.
741 561 774 589 c.
810 551 861 589 21
896 549 978 588 init.

452 622 489 662 1,
519 618 602 657 τότε
623 615 665 656 δὲ
686 613 722 657 οἱ
747 618 816 672 μὲν
836 615 1200 671 ἀντιπολιτευόμενοι

388 684 548 743 ῥήτορες
578 684 867 742 ἐπεμβαίνοντες
896 693 948 741 τῷ
969 684 1070 743 Δημ.
1101 700 1198 727 κατ-

387 758 595 804 εσκευαζον
633 753 800 804 εὖθὺνας
839 758 908 797 καὶ
945 759 1101 813 γραφὰς
1140 753 1199 797 ἐπ’

388 825 512 869 αὐτόν.

450 903 486 941 2,
526 895 547 938 ὁ
584 897 626 938 δὲ
664 897 790 954 δῆμος
825 894 870 939 οὒ
906 901 1020 954 μόνον
1055 901 1196 941 τουτων

388 967 565 1020 ἀπέλυεν,

448 1044 486 1084 3,
520 1038 624 1080 ἀλλὰ
654 1052 692 1082 κ.
715 1046 829 1095 τιμῶν
860 1039 1014 1081 διετέλει
1041 1053 1079 1081 κ.
1100 1053 1196 1095 προ-

386 1109 628 1166 καλουμενος
654 1107 771 1157 αὖθις
801 1108 855 1157 ὡς
886 1108 1015 1153 ε’όνουν
1045 1108 1098 1158 εἷς
1128 1113 1197 1168 τὴν

388 1180 591 1232 πολιτείαν,

448 1257 487 1294 4.
511 1249 607 1292 ὥστε
622 1265 659 1292 κ.
674 1258 747 1293 τῶν
761 1249 901 1293 ὀστέων
921 1250 967 1293 ἐκ
983 1251 1196 1308 Χαιρωνεί-

388 1336 436 1368 ας
452 1323 713 1377 κομισθέντων
731 1336 766 1363 κ.
784 1324 1037 1379 θαπτομένων
1057 1326 1119 1365 τὸν
1135 1322 1196 1364 ἐπὶ

386 1398 465 1439 τοῖς
485 1391 664 1447 ἀνδράσιν
684 1392 835 1435 ἔπαινον
861 1391 975 1435 εἰπεῖν
996 1392 1195 1436 ἀπέδωκεν

1944 479 2016 502 tom·
2048 499 2065 503 ..

1475 540 1677 590 Demosth.
1709 550 1866 591 decor.
1917 560 1919 564 ’
1944 549 1996 571 ¹·'''
2026 536 2033 573 ἶ

1330 621 1367 659 1.
1397 617 1466 657 καὶ
1502 619 1599 672 μετὰ
1628 623 1747 659 ταῦτα
1775 607 1994 661 συστάντων
2014 615 2077 666 οἷς

1266 684 1313 742 ῆν
1330 686 1508 743 ἐπιμελὲς
1517 692 1654 735 κακῶς
1668 685 1740 743 ἐμέ
1748 693 1866 731 ποιεῖν
1875 699 1914 731 x.
1921 691 2076 747 γραφὰς

1266 754 1445 810 εὖθυνας,
1469 755 1723 812 εἰσαγγελίας,
1746 761 1871 802 πάντα
1879 759 1989 802 ταῦτ’
2005 757 2076 801 ἐπ-

1267 830 1434 880 αγόντων
1464 842 1529 884 μοι
1561 831 1599 881 (ἕ
1634 820 1734 882 249)
1908 834 1923 840 ”

1327 904 1365 942 2.
1383 896 1454 939 δι’
1440 906 1544 954 υμᾶς
1564 913 1601 940 κ.
1617 901 1705 947 τοὺς
1719 890 2076 964 ἄλλουςἊῧήναί-

1265 984 1332 1017 ους
1363 967 1564 1027 ἐσωζόμην
1592 974 1630 1023 (ξ
1654 977 1761 1023 249;
1794 975 1843 1015 cf.
1858 978 1896 1015 et
1914 970 2074 1024 ΕὯΒΒ).

1326 1046 1365 1084 3
1398 1043 1494 1097 μετὰ
1515 1043 1589 1096 γὰρ
1610 1043 1677 1098 τὴν
1702 1045 1836 1106 μάχην
1852 1040 2078 1100 ὲχεὲροτὸνει

1267 1114 1303 1163 (ἓ
1348 1114 1448 1163 248)
1489 1109 1727 1170 ἐψηφίζεσθε
1765 1115 1814 1155 τὰ
1842 1104 1990 1186 ’ἄρισθᾶ
2022 1114 2078 1171 ἶμε

1265 1185 1437 1237 πράττειν
1469 1186 1506 1235 (ἓ
1537 1188 1641 1235 250;
1658 1187 1722 1227 cf.
1756 1186 1897 1227 etiam
1898 1189 1942 1236 ἓ
1944 1183 2074 1237 286).

1325 1258 1364 1295 4.
1372 1261 1599 1308 χειροτονων
1609 1257 1682 1309 γὰρ
1694 1269 1715 1295 ο
1701 1252 1851 1311 ’δῆμος
1859 1246 1925 1296 τὸν
1932 1252 2074 1310 ὲρουντ’

1265 1322 1327 1365 ἐπὶ
1357 1330 1415 1364 τοῖ
1414 1340 1433 1371 ς
1461 1324 1760 1381 τετελευτηκόσι,
1790 1322 1889 1380 παρ’
1911 1314 2008 1366 αότδι
2027 1327 2076 1366 τὰ

1264 1396 1462 1451 συμβάντα
1486 1420 1534 1425 —-
1560 1393 1825 1452 ἐχειροτόνησε
1846 1392 1959 1451 ὲμὲξ
1977 1400 2073 1441 285.

529 1479 656 1518 Locus
690 1492 858 1530 sequens
890 1493 962 1519 nos
994 1480 1140 1531 invitat,
1174 1488 1216 1522 ut
1244 1483 1406 1534 paulum
1438 1481 1718 1520 subsistamus:
1751 1466 1984 1527 Plutarchus
2011 1477 2076 1520 ob-

387 1550 559 1600 loquitur
575 1550 845 1601 Theopompo,
863 1551 930 1602 qui
945 1551 1249 1593 Atheniensibus
1271 1552 1525 1601 maledixerit,
1545 1553 1648 1603 quod
1665 1552 1816 1592 cladem
1833 1539 2076 1615 Chaeronen-

1118 1623 1219 1663 Cum
1240 1629 1382 1672 autem,
1416 1624 1482 1674 qui
1513 1624 1563 1662 de
1590 1624 1706 1662 rebus
1739 1622 1857 1674 gestis
1888 1616 2073 1662 iudicium

390 1692 475 1740 fert,
500 1693 722 1743 complures
746 1692 957 1743 scriptores
981 1706 1233 1745 comparasse
1249 1708 1411 1735 necesse
1433 1694 1493 1742 sit,
1517 1694 1706 1744 originem
1726 1694 1948 1733 verborum:
1971 1686 1992 1730 ὁ
2012 1685 2076 1746 δῆ-

388 1773 461 1815 μος
490 1784 541 1789 ——
575 1766 627 1813 τῷ
658 1767 769 1815 τιμᾶν
799 1760 966 1815 μάλιστα
997 1774 1033 1802 κ.
1065 1768 1223 1818 κοσμεῖν
1254 1764 1316 1803 τὸν
1348 1761 1565 1817 συμβουλον
1596 1759 1916 1816 ἀποδεικνυμένος
1945 1761 2007 1801 τὸ
2005 1752 2073 1816 μὴ

386 1829 577 1885 μεταμέλε
561 1831 677 1870 εσθαι
698 1836 776 1877 τοῖς
796 1831 1113 1887 βεβουλευμένοις
1135 1851 1167 1876 c.
1190 1838 1240 1876 21
1258 1837 1358 1876 med.
1382 1837 1566 1885 indagare
1587 1835 1799 1886 plurimum
1819 1823 1947 1883 refert,
1971 1835 2075 1885 quod

389 1904 485 1943 mihi
517 1905 685 1943 multum
715 1905 789 1944 hac
821 1905 861 1944 in
891 1919 933 1945 re
963 1908 1132 1946 versanti
1154 1907 1534 1957 Demosthenemque
1555 1906 1734 1956 inprimis
1765 1905 1954 1944 volutanti
1985 1917 2074 1944 con-

385 1975 520 2024 tigisse
551 1975 744 2015 existimo.
794 1976 922 2026 Supra
943 1978 1047 2016 enim
1068 1978 1322 2017 Plutarchum
1343 1977 1484 2017 miram
1506 1977 1615 2016 illam
1641 1977 1819 2016 fortunae
1849 1966 2071 2027 opinionem

385 2059 432 2086 ex
471 2047 733 2085 Demosthene
769 2047 980 2097 adoptasse
1017 2048 1135 2087 videri
1176 2049 1352 2099 exposui.
1422 2047 1596 2086 Indidem
1631 2046 1683 2085 111
1707 2047 1821 2086 fallor
1856 2046 1959 2087 Plut.
1986 2038 2073 2086 sibi

385 2130 495 2156 arma
522 2117 723 2167 quaesivit,
757 2118 897 2168 quibus
919 2119 1178 2158 Athenienses
1202 2134 1224 2158 a
1246 2120 1502 2170 Theopompo
1525 2115 1755 2157 defenderet.
1804 2108 1957 2177 Etenim
1976 2117 2073 2156 nihil

385 2188 490 2227 aliud
506 2188 708 2227 dicitPlut.
727 2189 962 2239 atqueDem.
981 2191 1029 2229 de
1046 2203 1124 2230 cor.
1144 2192 1321 2237 §206—
1331 2191 1426 2237 207,
1446 2202 1511 2239 qu1
1527 2187 1800 2236 Athenienses
1825 2200 1858 2226 sl
1875 2200 1957 2226 su1s
1979 2188 2068 2226 con-

386 2259 483 2298 siliis
500 2272 649 2298 morem
666 2260 838 2309 gessisse
854 2261 1059 2311 poeniteat,
1083 2261 1191 2312 ipsos
1209 2261 1443 2312 peccavisse,
1467 2273 1543 2299 non
1563 2260 1739 2298 fortunae
1754 2253 1958 2318 iniquitate
1972 2270 2066 2311 usos

391 1634 474 1660 sem
496 1621 638 1660 animis
662 1621 821 1663 abiectis
843 1621 1002 1661 tulerint
1011 1619 1053 1670 1)

384 2344 483 2378 esse,
517 2331 682 2381 probare
715 2332 854 2371 studet.

526 2412 686 2462 Egregie
724 2413 786 2452 his
817 2413 944 2453 verbis
975 2415 1160 2454 docemur
1191 2415 1445 2454 Plutarchum
1472 2411 1746 2452 Demosthenis
1777 2416 1874 2451 orat.
1907 2411 1955 2468 de
1984 2390 2063 2451 cor.

386 2496 541 2523 summo
565 2485 691 2523 studio
713 2485 877 2534 legisse,
901 2485 963 2524 cui
986 2486 1198 2525 sententiae
1220 2490 1257 2524 et
1278 2498 1378 2535 quae
1400 2486 1690 2534 subsequuntur
1706 2482 1938 2543 documento
1950 2472 2065 2545 sunt3

1591 2547 1731 2563 555!

384 2618 484 2662 ειᾶτε
515 2637 556 2663 το
577 2620 856 2679 Δημοσθένους
887 2621 1104 2680 ἐπιγράφειν
1134 2621 1268 2678 ὄνομα,
1299 2620 1404 2663 ἀλλὰ
1425 2620 1644 2662 Ναυσικλεῖ
1662 2634 1769 2662 τουτο
1798 2614 2065 2685 προσετάττετε

385 2697 655 2748 transscripsit
680 2698 754 2737 hoc
781 2699 918 2737 modo:
952 2700 1028 2741 τοῖς
1057 2695 1099 2734 δὲ
1125 2696 1361 2751 ψηφίσμασιν
1387 2707 1431 2734 ου
1433 2707 1462 2748 χ
1492 2690 1638 2743 ἑαυτόν,
1671 2687 1760 2731 ἀλλ’
1788 2688 1828 2730 ἐν
1857 2691 1963 2745 μέρει
1992 2695 2066 2729 των

385 2761 538 2820 φίλων
526 2761 688 2805 ε’καστον
708 2762 921 2821 επέγραφεν
943 2768 1184 2816 (Nausiclem
1203 2767 1456 2806 Demostheni
1483 2765 1767 2806 amicissimum
1786 2763 1908 2802 fuisse
1928 2767 2065 2823 notum

386 2837 473 2885 est),
506 2838 781 2880 Demosthenis
802 2840 1009 2877 verborum
1030 2852 1180 2878 memor
1204 2839 1306 2877 hanc
1337 2851 1498 2877 causam
1530 2836 1649 2876 addit.
1683 2829 1983 2886 ἐξοιωνιζόμενος
2002 2844 2066 2872 τον

382 2902 475 2945 ι’διον
505 2904 670 2960 δαίμονα
700 2919 736 2947 κ.
768 2908 835 2963 τὴν
866 2907 997 2963 τὺχην.

527 3021 554 3070 1)
586 3022 715 3059 Vocem
740 3022 900 3071 τραγῳδεῖ
927 3023 1039 3071 ipsius
1057 3022 1238 3060 Plutarchi
1263 3034 1339 3060 esse
1365 3025 1513 3070 apparet
1537 3032 1581 3057 ex
1605 2995 1730 3056 Pei-iol.
1757 3020 1800 3056 28
1826 3023 1861 3056 et
1877 3019 1990 3055 Artax
2009 3017 2063 3057 18.
