2138 3386
794 234 1048 282 ...9.-

213 355 362 401 Deinde
392 355 426 398 si
457 363 700 410 reputamus,
733 359 931 412 quomodo
962 372 1107 400 nomen
1138 358 1325 400 Demetrii
1356 357 1549 410 Magnetis
1579 371 1612 399 c.
1648 359 1701 401 15
1734 361 1773 398 et

73 440 107 471 c.
142 429 196 470 27
227 429 422 478 afferatur,
455 429 495 469 hi
526 431 603 471 loci
633 444 713 472 non
745 431 798 472 ita
828 431 1046 482 comparati
1078 435 1181 479 sunt,
1224 437 1266 471 ut
1297 431 1487 471 efficiatur
1517 430 1773 472 Plutarchum

72 500 340 542 antecedentia
371 513 528 552 quoque
557 507 596 542 et
627 503 906 554 subsequentia
937 516 984 543 ex
1018 516 1064 542 eo
1094 502 1431 554 transscripsisse.

209 571 340 624 Atque
359 577 486 612 totum
515 578 634 625 caput
659 575 709 614 15
744 574 915 626 speciem
945 574 1148 615 doctrinae
1179 574 1310 614 habet.
1362 573 1475 622 Quqd
1505 588 1529 614 a
1561 573 1773 615 Plutarcho

69 638 260 695 inspectis
273 643 330 684 eis
344 657 444 696 quos
461 646 639 686 nominat
654 646 912 698 scriptoribus
927 646 1193 698 compositum
1205 659 1295 686 esse
1311 646 1481 696 negabit,
1500 659 1775 698 quemcunque

72 727 152 756 non
169 714 310 766 fugerit
325 715 404 756 iam
422 722 512 757 ante
528 717 626 757 illud
641 722 798 769 tempus
813 732 837 758 a
849 718 1090 758 doctissimis
1108 717 1348 766 hominibus,
1371 717 1560 769 Dionysio
1574 717 1773 757 Halicarn.

70 790 109 826 et
139 785 309 827 Caecilio
341 787 557 838 Calactino,
590 789 631 829 in
661 789 860 830 orationes
891 789 1043 829 Atticas
1075 789 1374 840 diligentissime
1405 789 1640 841 inquisitum
1671 802 1773 837 esse,

69 844 148 909 quo
179 871 358 910 quaeque
389 864 567 911 tempore
598 861 746 912 scripta
777 866 844 901 aut
874 861 1009 902 habita
1041 867 1158 902 esset.
1222 862 1356 913 ltaque
1386 866 1429 901 ut
1461 861 1582 901 semel
1615 860 1775 912 quidem

67 929 270 980 Roesigeri
290 930 442 971 ratione
463 937 563 979 utar,
588 932 645 972 sic
667 932 828 983 colligo:
851 933 976 972 Nemo
999 933 1138 984 opinor
1154 933 1300 973 infitias
1323 932 1392 972 ibit
1413 932 1486 972 hos
1503 931 1775 972 nobilissimos

69 1000 172 1043 viros
189 1001 310 1042 etiam
324 1002 517 1053 Magnetis
534 1003 720 1043 historias
735 1004 937 1044 literarum
953 1002 1040 1056 περὶ
1056 1002 1287 1056 συνωνὺμων
1303 1004 1516 1055 inscriptas
1539 1003 1774 1056 inspexisse.

69 1071 170 1124 Ergo
201 1072 299 1114 haec
319 1074 454 1114 omnia
474 1088 522 1114 ex
544 1088 603 1124 eo,
637 1075 703 1126 qui
725 1075 914 1115 minimus
936 1075 1115 1116 omnium
1135 1080 1251 1115 natus
1280 1080 1352 1125 est,
1387 1081 1546 1115 auctore
1567 1077 1777 1127 desumpta

69 1155 158 1184 esse
188 1145 305 1184 credo
326 1144 350 1185 i.
375 1158 407 1185 e.
439 1158 488 1186 ex
511 1146 694 1195 Caecilio,
728 1147 840 1187 cuius
871 1147 1036 1197 vestigia
1067 1160 1260 1198 apparere
1291 1147 1377 1187 sine
1408 1148 1489 1187 ulla
1517 1147 1624 1198 justa
1655 1161 1778 1188 causa

67 1214 256 1266 Roesiger
286 1221 404 1267 negat
434 1231 473 1269 p.
507 1219 561 1258 38
595 1231 654 1269 sq.
716 1218 793 1258 Sed
824 1219 899 1258 hoc
931 1232 1003 1258 suo
1036 1220 1123 1258 loco
1156 1219 1380 1259 accuratius
1411 1219 1773 1271 comprobabimus.

72 1285 255 1327 Ceterum
276 1287 373 1328 mihi
403 1289 639 1340 persuadere
669 1290 779 1335 nullo
811 1291 929 1330 modo
963 1303 1127 1341 possum
1148 1290 1392 1330 Demetrium
1413 1291 1542 1341 Magn.
1576 1291 1676 1331 libro
1707 1291 1775 1331 illo

68 1358 237 1410 catalogi
266 1358 308 1399 ni
338 1360 454 1400 fallor
483 1359 611 1400 forma
642 1361 864 1412 composito
898 1362 991 1401 talia
1022 1367 1103 1401 tam
1136 1363 1223 1402 fuse
1250 1362 1492 1402 tractavisse.
1546 1362 1587 1401 ld
1619 1375 1775 1413 quoque

70 1429 323 1482 perspicuum
352 1436 413 1471 est
444 1445 492 1472 ex
523 1431 584 1480 iis,
617 1445 718 1483 quae
740 1432 814 1472 hoc
836 1433 964 1484 capite
986 1434 1204 1482 traduntur,
1238 1434 1348 1474 nullo
1370 1435 1488 1473 modo
1511 1433 1775 1484 colligendum

68 1513 179 1551 esse,
220 1502 384 1554 quinam
419 1502 540 1542 totius
580 1503 683 1543 vitae
721 1504 808 1544 fons
843 1504 1053 1555 primarius
1089 1505 1215 1544 fuerit.
1263 1505 1487 1544 Abhorrent
1518 1504 1623 1544 enim
1655 1517 1775 1555 quam

68 1573 243 1615 maxime
262 1588 286 1614 a
307 1574 499 1626 scriptore
530 1588 593 1615 res
623 1580 754 1628 gestas
788 1575 1022 1627 respiciente
1045 1581 1303 1628 spectantque
1332 1577 1381 1616 ad
1403 1589 1466 1615 res
1495 1576 1775 1626 grammaticas

67 1644 281 1696 literasque
311 1646 438 1697 magis
470 1660 590 1697 quam
622 1651 665 1686 ut
693 1647 904 1698 quisquam
927 1649 1161 1688 concludere
1182 1647 1320 1699 possit,
1356 1647 1422 1699 qui
1443 1647 1538 1686 talia
1559 1646 1774 1698 scripserit,

66 1717 234 1756 eundem
264 1729 409 1766 moreS,
442 1717 655 1768 ingenium,
688 1732 751 1758 res
784 1724 915 1769 gestas
938 1719 1066 1769 magis
1088 1719 1327 1771 respexisse,
1362 1732 1483 1770 quam
1504 1719 1552 1758 ad
1575 1718 1774 1758 orationes

67 1788 335 1829 aestimandas
366 1801 530 1828 necesse
560 1789 643 1829 fuit.
991 1822 993 1825 .

208 1859 343 1900 Altera
363 1860 550 1903 Demetrii
571 1861 622 1903 M.
646 1861 792 1902 mentio
822 1874 854 1901 c.
881 1863 934 1902 27
968 1862 1031 1902 fit:
1065 1857 1128 1900 ὅτε
1159 1861 1228 1900 καί
1259 1873 1374 1917 φησιν
1406 1855 1521 1900 αὐτὸν
1552 1854 1574 1899 ὁ
1606 1855 1774 1913 Μάγνης

67 1923 290 1985 Δημήτριος
319 1941 357 1970 κ.
383 1942 416 1970 τ.
443 1928 478 1969 λ.
542 1932 619 1972 Sed
655 1946 704 1971 ne
735 1933 825 1972 inde
856 1932 1015 1984 quidem
1046 1934 1177 1984 colligi
1212 1939 1340 1986 potest
1370 1934 1592 1983 Magnetem
1624 1932 1774 1971 fontem

68 2001 301 2054 primarium
333 2016 433 2043 esse.
491 2003 595 2042 Nam
625 2005 756 2054 quoad
788 2017 858 2054 ego
891 2004 1092 2044 Plutarchi
1125 2005 1317 2044 rationem
1350 2004 1545 2044 scribendi
1578 2002 1773 2055 perspexi,

67 2074 185 2114 verba
215 2067 291 2112 ὅτε
321 2072 400 2112 καὶ
433 2087 589 2125 semper
621 2075 806 2114 fabellam
838 2076 1100 2127 undecunque
1130 2077 1355 2127 decerptam
1389 2076 1487 2115 etin
1508 2075 1775 2115 narrationem

68 2145 296 2186 continuam
327 2145 566 2186 inculcatam
589 2148 829 2197 praecedunt
852 2147 916 2195 (cf.
941 2160 975 2189 c.
1001 2150 1068 2190 17:
1102 2142 1166 2186 ὅτε
1187 2145 1256 2185 καὶ
1277 2141 1451 2201 Θεόφρ.),
1499 2147 1622 2187 Debet
1643 2151 1775 2186 autem

68 2217 171 2256 Plut.
203 2217 307 2257 lianc
327 2217 508 2256 notitiam
535 2217 612 2257 nisi
639 2219 754 2258 fallor
775 2219 962 2258 Demetrii
993 2219 1043 2259 M.
1067 2219 1168 2259 libro
1199 2217 1286 2271 περὶ
1316 2213 1509 2272 ὁμονοίας.
1519 2217 1549 2267 1)
1572 2218 1774 2269 inscripto.

69 2288 172 2328 Nam
192 2288 283 2328 talis
304 2289 394 2328 libri
414 2289 526 2328 testis
549 2294 609 2328 est
631 2289 781 2338 Cicero,
816 2290 978 2341 fierique
1001 2297 1141 2342 potest.
1175 2296 1218 2330 ut
1234 2291 1484 2340 Plutarchus,
1518 2304 1610 2330 cum
1632 2290 1775 2330 librum

68 2360 117 2399 de
146 2359 264 2400 exilio
295 2361 492 2409 conderet,
525 2374 614 2400 eam
645 2361 685 2400 in
716 2362 818 2401 hane
840 2362 1091 2402 occasionem
1124 2363 1391 2405 reservaverit.

209 2431 332 2471 Porro
364 2431 487 2471 altero
518 2432 606 2471 loco
639 2431 688 2481 (c.
713 2432 798 2480 28),
823 2433 889 2472 ubi
922 2433 1103 2473 similiter
1135 2439 1255 2484 atque
1287 2446 1320 2475 c.
1346 2435 1402 2475 14
1422 2433 1609 2473 Demetrii
1630 2446 1774 2473 nomen

69 2502 196 2554 patria
227 2516 307 2542 non
337 2504 541 2544 nominata
563 2508 704 2552 exstat,
739 2517 983 2556 quamquam
1015 2505 1198 2557 proximo
1230 2518 1317 2557 cap.
1344 2507 1397 2547 27
1419 2505 1612 2556 Magnetis
1633 2506 1778 2545 diserte

68 2564 215 2615 mentio
255 2575 359 2614 facta
397 2580 480 2614 erat
517 2580 554 2614 et
595 2576 644 2614 ad
683 2574 767 2614 eius
809 2589 910 2626 opus
941 2574 1029 2629 περὶ
1059 2575 1291 2629 συνωνὺμων
1328 2577 1426 2616 haec
1456 2576 1595 2616 notitia
1626 2577 1779 2627 egregie

67 2645 262 2697 quadrare
282 2646 444 2695 videtur,
479 2651 610 2686 tamen
641 2647 789 2695 dubito,
823 2661 919 2687 num
940 2648 1004 2688 hic
1026 2648 1303 2698 intelligendus
1329 2648 1392 2690 sit.
1431 2648 1534 2687 Nam
1556 2648 1632 2687 nisi
1654 2648 1781 2688 obiter

67 2729 266 2768 nusquam
297 2718 456 2758 affertur
488 2723 526 2757 et
557 2731 649 2757 cum
679 2719 917 2759 Plutarchus
951 2721 1000 2760 ab
1040 2720 1150 2760 initio
1183 2720 1362 2760 Phalerei
1394 2719 1619 2759 testimonio
1652 2720 1776 2759 multo

67 2788 243 2829 crebrius
275 2794 407 2835 utatur
439 2794 476 2829 et
498 2802 531 2828 c.
557 2791 611 2830 14
633 2789 824 2839 Phalerei,
859 2805 938 2831 non
959 2791 1154 2842 Magnetis
1176 2792 1340 2841 vestigia
1361 2804 1554 2843 apparere
1585 2792 1777 2842 probasse

67 2858 166 2900 mihi
185 2859 328 2909 videar,
361 2860 425 2900 hic
447 2873 604 2911 quoque
626 2860 861 2901 Phalereum
883 2862 1190 2913 intellegendum
1213 2876 1303 2902 esse
1335 2868 1442 2914 puto.
1489 2862 1651 2902 Accedit
1671 2862 1776 2914 quod

210 2949 240 2995 ¹)
266 2951 365 2987 Idem
390 2955 606 2987 censuerunt
631 2951 846 2997 Droysen,
874 2954 958 2989 hist.
983 2965 1138 2990 success,
1159 2953 1259 2990 Alex.
1277 2954 1322 2989 M.
1349 2965 1383 3001 p.
1411 2954 1479 2990 679
1497 2956 1532 2991 et
1550 2954 1691 3001 Haug,
1717 2953 1776 2990 die

67 3010 218 3056 Quellen
242 3011 444 3048 Plutarchs.
470 3011 561 3048 Tfib.
589 3010 691 3048 1854.
