2138 3386
0 609 2 634 l

782 219 1064 267 -29—

353 439 456 483 Plut.
490 453 525 484 c.
555 442 601 481 4:

134 596 170 638 1.
200 589 311 650 ἥνδὲ
331 589 353 633 ὁ
374 589 434 641 B„
465 589 520 639 ὡς
550 593 620 648 μὲν
651 589 740 632 ἔνιοί
770 603 886 647 φασιν

72 661 249 722 αὒλητὴς
261 669 336 705 τῶν
352 665 610 717 κατεαγότων,
625 675 663 704 κ.
679 661 889 718 δραμάτιον

72 732 128 784 εἰς
155 740 268 778 τοῦτο
297 734 500 792 κωμῳδῶν
521 731 637 776 αὐτὸν
657 731 890 791 Ἀντιφάνης

73 807 283 864 πεποίηκεν

133 893 175 936 2.
195 890 284 933 ἔνιοι
304 889 347 931 δέ
366 903 461 937 τινες
477 886 531 937 ὡς
546 879 706 947 ποιητοῦ
721 891 891 948 τρυφερὰ

70 977 109 1006 κ.
119 963 300 1018 παροίνια
310 965 526 1020 γράφοντος
540 967 607 1003 τοῦ
623 959 668 1002 Β.
682 963 892 1018 μέμνηνται

133 1048 174 1092 3.
205 1045 314 1088 δοκεῖ
342 1044 384 1086 δὲ
415 1058 452 1086 κ.
483 1051 558 1086 τῶν
588 1041 661 1086 οὒκ
691 1041 890 1100 εὐπρεπῶν

72 1117 326 1175 τιλεχθῆναι
343 1122 410 1158 τοῦ
426 1119 609 1173 σώματος
624 1117 768 1171 μορίων
782 1117 891 1171 παρὰ

73 1195 152 1238 τοῖς
169 1187 363 1236 Ἀττικοῖς
381 1191 466 1230 τότε
486 1187 700 1230 καλεῖσθαι
721 1186 892 1241 βάταλος

953 368 1085 408 Schol.
1120 370 1205 410 cod.
1230 370 1340 410 coisl.
1363 371 1412 411 ad
1433 370 1576 411 Aesch.
1604 371 1640 420 1,
1670 371 1765 419 126,

952 453 1009 480 or.
1042 440 1121 483 Att.
1161 441 1260 482 edid.
1303 441 1435 481 Baiter
1470 447 1508 482 et
1545 442 1705 494 Sauppe
1737 442 1767 481 11

1154 525 1216 563 pg.
1249 515 1300 553 22
1334 513 1359 552 b
1393 514 1446 552 28
1481 527 1565 565 sqq.

1013 593 1052 635 1.
1084 588 1303 650 ὠνομάσθη
1325 592 1367 633 δέ
1388 606 1502 650 φασιν
1533 589 1569 633 οἱ
1600 595 1670 648 μὲν
1691 591 1770 634 ἀπὸ

954 661 1140 704 Βατάλου
1171 660 1343 722 αι’)λητοῦ
1363 663 1551 720 μαλακοῦ

1017 890 1058 934 2.
1090 885 1126 930 οἱ
1156 888 1199 930 δὲ
1236 887 1315 932 ἀπὸ
1354 896 1514 948 ποιητοῦ
1553 892 1773 944 κατεαγότα

955 962 1162 1017 κρουματα
1191 963 1406 1018 γράφοντος
1414 962 1446 1017 1)

1017 1046 1056 1088 3.
1089 1041 1160 1085 εἰσὶ
1179 1041 1213 1084 δ’
1239 1043 1276 1085 οἳ
1295 1044 1466 1098 βάταλον
1485 1048 1774 1103 προσηγόρευον

954 1117 1019 1156 τὸν
1049 1117 1238 1171 πρωκτόν.

215 1287 381 1328 Restant
416 1286 536 1326 verba
570 1282 639 1322 καὶ
677 1281 888 1337 δραμάτιον
925 1277 978 1328 εἷς
1016 1286 1127 1322 τοῦτο
1163 1280 1366 1337 κωμῳδῶν
1396 1279 1512 1324 αὐτὸν
1543 1280 1776 1341 Ἀντιφάνης

72 1357 301 1413 πεποίηκεν;
333 1359 402 1399 sed
433 1363 472 1397 et
500 1357 598 1397 haec
630 1356 795 1395 forsitan
825 1369 917 1395 cum
948 1356 1026 1396 alia
1056 1356 1232 1396 eiusdem
1262 1357 1350 1398 cod.
1383 1357 1534 1398 coislin.
1567 1364 1699 1399 annot.
1728 1361 1777 1399 ad

74 1443 133 1471 or.
167 1433 206 1480 1,
242 1431 324 1470 126
357 1429 477 1470 allata
509 1427 775 1468 consentiunt:
809 1423 918 1465 δοκεῖ
948 1424 991 1465 δέ
1021 1438 1086 1480 μοι
1116 1423 1313 1481 λελέχθαι
1343 1428 1453 1480 παρὰ
1483 1428 1526 1468 τὸ
1558 1423 1776 1475 Εὐπόλιδος

72 1505 258 1556 σκῶμμα,
288 1501 502 1542 dummodo
523 1499 607 1540 fieri
637 1500 815 1552 potuisse
846 1500 1052 1549 concedas,
1084 1506 1127 1540 ut
1147 1501 1348 1540 Plutarchi
1369 1507 1436 1541 aut
1457 1503 1777 1543 commentatoris

75 1586 206 1614 errore
235 1586 380 1613 nomen
409 1577 548 1624 poetae
579 1572 892 1610 confunderetur.

217 1662 327 1711 Quae
347 1661 495 1702 Deinde
514 1661 618 1702 Plut.
641 1661 750 1699 nullo
778 1660 894 1699 modo
926 1661 975 1700 ad
1007 1660 1116 1712 prius
1148 1661 1350 1713 inceptum
1381 1663 1629 1703 concinentia
1660 1664 1777 1704 habet

76 1735 124 1775 de
155 1733 388 1784 cognomine
416 1726 567 1785 Ἀργᾶς
597 1731 852 1772 Demostheni
882 1732 1048 1782 tributo,
1092 1734 1228 1772 eadem
1265 1746 1313 1773 ex
1346 1734 1507 1773 scholiis
1540 1735 1777 1786 profluxisse

76 1807 245 1846 fortasse
275 1805 461 1854 conicias,
495 1804 529 1844 si
560 1803 794 1844 contuleris:

359 1935 462 1976 Plut.
496 1948 530 1976 c.
563 1936 609 1975 4:

140 2043 178 2092 1,
217 2037 240 2083 ὁ
271 2037 304 2082 δ’
332 2037 484 2096 Ἀργᾶς
523 2064 572 2071 -
613 2037 787 2097 ἢπρὸς
819 2039 894 2080 τὸν
948 2039 950 2041 ’

77 2115 261 2170 τρόπον
300 2109 355 2161 ὡς
384 2112 616 2170 θηριώδη
646 2126 684 2153 κ.
715 2113 894 2166 πικρὸν

77 2182 209 2242 ἐτέθη·
221 2186 298 2226 τὸν
316 2186 402 2240 γὰρ
423 2183 446 2226 ὅ
453 2198 524 2242 φιν
539 2183 628 2226 ἔνιοι
641 2190 714 2224 τῶν
730 2189 897 2240 ποιητῶν

77 2255 202 2314 ἀργᾶν
233 2254 496 2314 ὀνομάζουσιν·

139 2342 180 2385 2.
211 2337 238 2398 ἢ
268 2341 392 2396 πρὸς
428 2341 509 2382 τὸν
539 2339 690 2394 λόγον
731 2335 785 2386 ὡς
815 2336 898 2380 ἀνι-

79 2419 182 2454 ῶντα
209 2413 300 2460 τοὺς
329 2409 604 2468 ἀκροωμένους

140 2569 180 2612 3.
211 2568 297 2609 καὶ
331 2568 423 2623 γὰρ
450 2564 643 2623 Ἀργας
673 2562 898 2622 τοῦνομα

78 2641 295 2697 ποιητὴς
325 2636 381 2696 ἦν
410 2641 572 2695 νόμων
601 2644 833 2696 πονηρῶν
860 2650 897 2679 κ.

81 2708 357 2768 ἀργαλέων.

960 1892 997 1926 et
1029 1886 1151 1928 schol.
1186 1889 1270 1929 cod.
1305 1889 1456 1939 coislin,
1490 1890 1539 1929 ad
1571 1903 1626 1930 or.
1658 1894 1696 1938 2,
1722 1894 1775 1933 99

1009 1959 1080 2007 (or.
1114 1959 1194 1999 Att.
1229 1960 1260 1999 11
1292 1974 1329 2012 p.
1365 1963 1420 2001 33
1453 1962 1489 2001 b.
1526 1963 1579 2001 33
1613 1962 1717 2013 sqq.)

1022 2040 1060 2083 1.
1083 2037 1208 2095 ἀργᾶς
1228 2040 1271 2081 δὲ
1291 2040 1469 2082 καλεῖται
1489 2038 1510 2082 ὁ
1533 2039 1635 2099 ὄφις
1653 2040 1779 2097 (παρὰ

959 2107 1194 2168 Δωριεῦσιν).
1245 2112 1356 2153 θέλει
1386 2111 1451 2154 οὖν
1482 2111 1599 2156 αὐτὸν
1630 2112 1779 2172 ὀφιώδη

962 2184 1042 2224 τὸν
1073 2185 1255 2238 τρόπον
1285 2198 1322 2225 κ.
1345 2181 1458 2226 οἱονεὶ
1488 2185 1720 2244 θηριώδη
1741 2200 1779 2227 κ.

964 2252 990 2295 ἀ
1003 2268 1030 2295 π
1042 2257 1068 2295 όι
1078 2269 1096 2295 ν
1107 2255 1138 2295 θ
1149 2270 1170 2310 ρ
1182 2270 1213 2296 ω
1224 2269 1251 2297 π
1261 2270 1282 2297 ο
1293 2270 1312 2297 ν

1024 2341 1063 2384 2.
1097 2338 1243 2387 ἄλλως·
1273 2337 1376 2388 εἶδός
1405 2355 1438 2382 τι
1469 2339 1597 2399 ὄφεως
1627 2339 1783 2398 ἀναιρε-

963 2416 1082 2452 τικοῦ·
1121 2408 1146 2467 ἢ
1189 2408 1210 2452 ὁ
1247 2409 1375 2467 ἀργῶν
1415 2411 1493 2455 ἀπὸ
1533 2420 1606 2455 τῶν
1638 2413 1782 2463 ἄλλων,

963 2485 1166 2540 γράφων
1197 2482 1248 2523 δὲ
1279 2483 1466 2538 λόγους

1025 2570 1064 2613 3,
1098 2565 1123 2624 ἢ
1155 2565 1252 2608 ἀπὸ
1287 2573 1498 2625 ποιητοῦ
1535 2568 1781 2626 καλουμένου

964 2636 1064 2681 οὕτω
1096 2645 1329 2698 πονηροῦ.

226 2884 258 2932 ¹)
283 2887 383 2947 Quae
408 2885 606 2923 scholiasta
634 2883 782 2932 praebet
818 2884 1014 2935 depravata
1051 2897 1128 2923 esse
1162 2888 1197 2923 et
1234 2883 1371 2934 aliquot
1396 2886 1518 2924 verbis
1553 2886 1783 2933 transpositis

82 2945 203 2983 sanari
227 2956 333 2993 posse
349 2946 526 2991 videntur,
553 2948 623 2983 hoc
641 2949 765 2983 modo:
799 2946 949 2995 αὐλητοῦ
973 2949 1163 2995 κατεαγότα
1186 2948 1361 2994 κρούματα
1383 2949 1574 2997 γράφοντος,
1601 2947 1632 2983 οἱ
1656 2947 1692 2983 δὲ
1718 2948 1782 2985 ἀπὸ

80 3012 220 3057 ποιητοῦ
243 3006 400 3055 μαλακοῦ
424 3007 589 3054 (Christ).
