2138 3386
520 384 602 426 Iam
632 398 743 434 vero,
783 397 891 434 cum,
930 385 1021 436 quid
1058 385 1143 436 ipse
1178 387 1226 426 de
1257 386 1427 426 fontibus
1458 387 1573 426 huius
1606 375 1706 428 vitae
1741 388 1924 438 sentiam,
1961 389 2056 429 mihi

375 457 582 496 dicendum
604 456 666 504 sit,
689 456 800 504 duas,
831 461 874 495 ut
893 456 998 495 brevi
1020 454 1361 507 comprehendam,
1395 457 1522 496 inveni
1545 462 1685 508 partes,
1709 472 1875 510 quarum
1894 464 2060 511 utraque

375 528 415 567 in
445 527 544 567 duas
574 527 701 566 denuo
734 527 946 578 particulas
977 526 1146 567 dissecta
1177 533 1247 567 est.

515 615 643 666 Atque
666 615 794 666 priore
815 614 971 665 quidem
993 619 1102 665 parte
1123 616 1368 654 continentur
1389 628 1422 655 c.
1449 618 1470 655 5
1485 637 1530 642 -
1549 617 1613 665 11,
1647 617 1766 668 (quod
1797 630 1844 657 ex
1876 617 2059 658 extremis

376 684 492 725 huius
513 684 652 736 capitis
673 685 800 724 ve1b1s
822 689 1002 735 apparet:
1036 679 1141 722 ἀλλὰ
1161 683 1247 736 περὶ
1267 684 1336 738 μὲν
1366 684 1507 724 τοῦτ-ων
1536 680 1676 739 καίπερ
1706 683 1760 726 ἔτι
1788 685 1910 726 πλείω
1940 685 2061 738 λέγειν

375 751 531 809 ἔχοντες
562 749 735 793 ἐνταῦθα
765 751 1007 807 παυσόμεθα
1036 765 1073 792 κ.
1104 766 1135 795 τ.
1168 751 1220 804 λ.)
1252 761 1368 806 atque
1398 769 1431 796 c.
1461 758 1567 798 28—
1577 759 1645 799 31
1695 758 1827 799 Altera
1858 772 1950 810 pars
1981 751 2060 798 am-

378 826 557 877 plectitur
588 838 621 865 c.
656 827 682 865 4
713 826 794 865 init.
827 830 864 865 et
895 838 929 864 c.
967 827 1072 865 12-
1082 827 1148 866 27.

516 913 654 962 Agitur
686 917 816 952 autem
846 912 886 952 in
917 913 984 952 illa
1014 918 1135 964 parte,
1171 927 1289 963 quam
1312 914 1525 965 stirpem
1546 929 1655 964 νοοο,
1688 916 1868 968 inprimis
1888 917 1936 957 de
1956 917 2061 958 insti-

377 984 536 1031 tutione,
569 983 605 1022 vi
636 984 817 1031 oratiora,
851 983 975 1034 plebis
999 983 1138 1031 studio,
1172 984 1346 1022 moribus
1369 984 1418 1032 (c.
1438 986 1607 1035 5—11),
1640 986 1778 1027 deinde
1798 988 1846 1027 de
1867 989 2061 1040 supremis

379 1055 515 1094 diebus
547 1059 584 1093 et
613 1059 739 1093 morte
770 1054 1044 1093 Demosthenis
1077 1054 1126 1102 (c.
1163 1055 1364 1102 28-31).

517 1138 651 1177 Altera
682 1143 791 1189 parte
812 1151 875 1176 res
897 1137 1002 1176 domi
1025 1137 1263 1187 militiaeque
1285 1142 1416 1186 gestae
1437 1138 1682 1178 illustrantur
1702 1145 1740 1179 et
1759 1153 1902 1190 mores,
1935 1142 2063 1192 quoad

378 1210 426 1250 ad
458 1209 741 1260 rempublicam
773 1208 976 1259 pertinent,
1010 1208 1062 1247 ita
1093 1207 1376 1256 describuntur,
1409 1213 1451 1248 ut
1483 1222 1529 1248 ex
1561 1210 1693 1261 stirpe,
1726 1224 1806 1262 qua
1826 1224 1889 1251 res
1911 1212 2064 1264 publice

379 1286 510 1331 gestae
545 1279 773 1319 brevissime
810 1279 1062 1318 adumbratae
1093 1282 1214 1326 erant,
1255 1279 1413 1318 notitias
1446 1282 1637 1330 quasdam
1675 1282 1935 1333 transpositas
1973 1296 2061 1322 esse

379 1355 579 1402 appareat.

518 1439 724 1478 Praeterea
754 1438 826 1477 has
858 1438 937 1477 fere
967 1436 1211 1476 diversitates
1243 1437 1442 1487 indagavi:

519 1520 635 1559 Illic
666 1520 789 1559 multa
820 1518 925 1573 φασί,
956 1515 1109 1568 λέγεται
1144 1521 1434 1571 eorundemque
1454 1521 1613 1561 testium
1633 1523 1768 1562 crebra
1788 1522 1959 1572 iteratim
1990 1523 2065 1564 hic

387 1591 580 1643 permulta
619 1590 778 1641 propria
809 1590 951 1629 iudicia
982 1588 1181 1643 (φαίνεται,
1213 1589 1360 1644 φανερὰ
1390 1586 1437 1644 ἧν
1469 1605 1502 1633 c.
1539 1593 1604 1640 13,
1640 1594 1705 1641 14,
1742 1594 1814 1642 16;
1854 1590 1971 1640 δοκεῖ,
2001 1593 2068 1646 μοὶ

380 1658 498 1707 δοκεῖ,
529 1655 602 1699 οὐκ
632 1657 679 1699 ἄν
708 1672 772 1713 μοι
803 1657 958 1699 δοκοῦσι
989 1674 1021 1700 c.
1056 1663 1094 1710 4,
1132 1663 1205 1709 123
1238 1655 1315 1710 ἐγὼ
1347 1658 1380 1699 δ’
1413 1656 1485 1700 οὒκ
1516 1657 1562 1700 ἂν
1593 1658 1732 1715 εἴποιμι
1763 1677 1796 1706 c.
1831 1667 1904 1713 223
1947 1668 2066 1703 ταῦτα

380 1731 449 1785 μὲν
480 1727 546 1771 οὖν
581 1726 694 1770 εἰπεῖν
733 1729 995 1785 προήχθημεν
1026 1745 1059 1773 c.
1096 1734 1162 1780 22,
1196 1737 1233 1771 et
1263 1732 1303 1771 in
1335 1733 1637 1784 Theopompum
1673 1747 1706 1774 c.
1742 1735 1808 1783 13,
1844 1736 1910 1784 18,
1945 1737 1995 1775 21
2029 1730 2066 1774 e't

381 1803 618 1843 Aeschinem
639 1816 671 1842 c.
698 1805 750 1842 22
773 1803 1090 1851 reclamationes3
1124 1808 1259 1842 contra
1287 1803 1332 1842 in
1355 1804 1502 1854 stirpe
1531 1804 1607 1843 nisi
1640 1806 1761 1844 semel
1793 1805 1842 1853 (c.
1867 1808 1914 1845 9:
1945 1803 2068 1844 πόθεν

381 1869 447 1913 οὖν
463 1873 560 1928 φαίη
573 1884 628 1917 τις
642 1868 727 1911 ἂν..
750 1879 787 1912 et
805 1867 894 1910 ἀλλ’
906 1867 1027 1911 ἔοικεν
1042 1905 1049 1912 .
1067 1873 1092 1921 .)
1115 1874 1267 1913 nullum
1288 1874 1413 1924 ipsius
1431 1875 1632 1925 scriptoris
1654 1875 1840 1925 iudicium
1861 1875 2065 1916 invenitur.

523 1962 644 2001 Porro
675 1962 723 2000 in
755 1962 917 2012 stirpe
948 1962 1094 2001 multae
1125 1962 1440 2001 narratiunculae
1471 1963 1700 2014 plerumque
1730 1963 1884 2002 levioris
1917 1963 2068 2013 generis

385 2047 427 2073 se
448 2033 658 2084 excipiunt,
681 2033 726 2071 in
748 2033 903 2071 altera
925 2037 1070 2082 parte
1090 2033 1183 2072 talia
1204 2033 1280 2071 nisi
1306 2033 1412 2071 illinc
1434 2032 1581 2073 intexta
1601 2046 1677 2073 non
1695 2038 1862 2075 exstant.
1894 2033 2069 2084 Denique

384 2110 594 2156 postquam
615 2103 661 2142 in
693 2103 857 2154 stirpe
877 2103 995 2142 nimis
1016 2104 1140 2143 multa
1161 2109 1390 2153 argumenta
1415 2109 1646 2154 exaggerata
1667 2109 1769 2153 sunt,
1793 2104 1934 2161 quibus
1955 2104 2069 2143 nobis

384 2176 663 2227 persuadeatur
692 2174 997 2213 Demosthenem
1028 2188 1050 2213 a
1082 2175 1333 2225 popularium
1365 2175 1539 2225 partibus
1571 2175 1726 2214 stetisse
1756 2186 1788 2214 c.
1813 2176 1836 2214 8
1861 2187 1935 2224 sq„
1967 2174 2070 2213 idem

384 2259 418 2286 c.
445 2248 510 2294 14,
535 2246 637 2296 quod
661 2250 778 2296 caput
798 2245 847 2284 in
869 2245 1019 2284 altera
1042 2250 1172 2295 parte
1192 2246 1430 2284 censendum
1451 2258 1539 2284 esse
1561 2250 1702 2293 statuo,
1732 2257 1801 2295 pro
1823 2243 2071 2295 optimatium

385 2318 537 2356 fautore
566 2316 796 2356 venditatur.

527 2399 731 2447 Quomodo
763 2404 894 2439 autem
925 2398 1159 2438 Plutarchus
1191 2399 1240 2438 ad
1277 2411 1343 2438 eos
1383 2399 1521 2446 fontes,
1565 2410 1663 2448 quos
1705 2397 1911 2449 supplendi
1951 2410 2071 2437 causa

386 2470 491 2519 adiit,
524 2470 709 2521 delapsus
731 2482 818 2510 esse
838 2469 1015 2509 videtur?
1061 2469 1209 2509 Partim
1231 2470 1467 2520 scriptorum
1489 2468 1817 2520 praestantiorum
1847 2472 2070 2508 accuratam

387 2541 566 2581 notitiam
606 2540 753 2590 habuit,
796 2541 939 2592 partim
977 2540 1201 2580 nominibus
1243 2540 1478 2591 scriptorum
1510 2554 1532 2578 a
1564 2540 1668 2578 fonte
1701 2539 1883 2590 primario
1916 2537 2071 2589 (stirpe)

387 2612 595 2652 allatorum
611 2611 863 2659 excitabatur,
886 2615 929 2650 ut
942 2611 1071 2662 ipsos,
1095 2624 1193 2662 quos
1214 2612 1317 2650 bono
1338 2610 1425 2649 usui
1448 2610 1522 2649 sibi
1542 2611 1624 2649 fore
1645 2611 1837 2661 sperabat,
1861 2609 2070 2660 scriptores

387 2682 598 2734 inspiceret
627 2687 665 2722 et
696 2682 729 2722 si
761 2682 977 2733 placebant,
1011 2681 1208 2733 copiosius
1240 2682 1486 2721 exscriberet.

531 2771 606 2812 Sed
638 2777 728 2812 ante
757 2772 901 2820 omnia,
933 2772 1093 2822 quinam
1124 2771 1211 2810 fons
1243 2770 1452 2821 primarius
1483 2770 1608 2820 fuerit,
1642 2768 1893 2820 aperiendum
1924 2771 1994 2807 est.

529 2861 753 2901 Afferuntur
784 2861 823 2900 in
855 2874 900 2900 ea
932 2866 1051 2911 parte,
1085 2873 1204 2911 quam
1234 2859 1417 2899 continuo
1449 2863 1676 2909 argumento
1707 2857 1871 2907 aliisque
1901 2854 2071 2907 proprie-

389 2933 534 2974 tatibus
548 2933 735 2973 excellere
748 2932 935 2979 videmus
950 2931 991 2970 hi
1009 2930 1230 2981 scriptores,
1247 2943 1383 2970 omnes
1395 2935 1545 2981 praeter
1561 2928 1868 2975 Eratosthenem,
1883 2931 1926 2966 ut
1939 2926 2071 2966 statim

392 3005 611 3061 perspicere
641 3004 742 3054 licet,
774 3002 1239 3058 Peripateticorum
1271 3007 1442 3042 sectae
1473 2998 1685 3041 addicti:
1719 2998 1745 3040 Ι.
1776 2998 2073 3049 Theophrastus
