2138 3386
1092 217 1369 264 ...54—

393 338 566 391 Apparet
587 339 701 390 igitur
716 339 972 380 Plutarchum
992 345 1029 380 et
1049 341 1219 382 fontibus
1241 340 1502 391 singularibus
1524 339 1678 389 (I-vl)
1694 345 1732 381 et
1752 336 2065 394 ἀποφθεγμάτων

394 411 689 453 collectionibus
720 410 910 459 (Vll—X)
941 425 1058 451 usum
1088 425 1186 467 esse.
1225 433 1269 439 —-
1644 463 1646 465 v

537 482 645 522 Haec
677 486 885 533 postquam
916 483 1191 534 exposuimus,
1232 483 1484 534 quaefides
1516 483 1606 523 huic
1636 482 1736 523 vitae
1765 482 1868 531 insit,
1903 481 2067 523 breviter

393 553 681 594 adumbremuS.

532 623 765 663 Plutarchus
787 629 867 663 tam
888 634 1030 674 magno
1051 624 1240 663 desiderio
1262 624 1448 675 pristinae
1463 624 1700 682 Graecorum
1715 624 1859 674 gloriae
1878 635 2068 664 accensus

392 699 485 742 erat,
519 699 562 733 ut
591 694 631 749 in
662 694 810 733 deliciis
840 695 999 734 haberet
1030 694 1366 734 celeberrimorum
1397 694 1566 733 virorum
1596 694 1785 744 imagines
1804 693 2011 745 depingere
2031 699 2068 734 et

390 769 590 815 tamquam
610 765 790 815 exempla
811 764 1026 815 posteritati
1047 777 1256 806 reservare.
1303 765 1434 815 Itaque
1460 777 1548 803 cum
1577 764 1761 804 iudicium
1781 764 1831 804 ad
1849 763 2064 805 honestatis

389 835 515 885 magis
548 849 666 886 quam
687 836 735 875 ad
758 835 852 874 artis
874 835 1043 874 rationes
1065 835 1265 885 redigeret,
1300 849 1464 886 semper,
1489 835 1670 886 quicquid
1691 834 1899 886 opprobrio
1919 847 2065 884 eorum,

391 919 488 957 quos
522 906 753 954 celebrabat,
786 906 933 946 dictum
965 911 1058 954 erat,
1091 900 1136 944 οἵ)
1166 905 1266 943 πάνυ
1295 903 1510 958 προθὺμως
1540 906 1564 945 i.
1597 919 1630 945 e.
1662 905 1802 946 iudicio
1833 905 2003 947 adhibito
2033 911 2071 946 et

391 977 544 1016 collatis
567 976 744 1028 pluribus
766 976 891 1027 iisque
913 976 1085 1027 probatis
1106 977 1273 1016 testibus
1292 977 1447 1027 recepit.
1502 977 1633 1027 Itaque
1652 989 1730 1016 non
1750 978 1866 1016 modo
1886 977 1928 1016 in
1947 976 2069 1017 Theo-

391 1047 523 1099 pompi
553 1053 588 1087 et
618 1047 825 1087 Aeschinis
857 1048 1049 1087 severiora
1079 1047 1220 1087 iudicia
1252 1047 1447 1098 pugnavit,
1481 1049 1550 1086 sed
1581 1047 1698 1087 etiam
1727 1047 1923 1088 Idomenei
1951 1047 2071 1088 bilem

392 1132 552 1169 prorsus
584 1119 752 1169 respuit,
796 1119 1040 1170 plurimaque
1070 1119 1294 1158 testimonia
1325 1119 1495 1168 collegit,
1538 1118 1679 1169 quibus
1711 1118 1786 1158 sibi
1816 1118 2068 1170 persuaderet

388 1190 690 1229 Demosthenem
729 1195 955 1240 corruptum
993 1195 1030 1229 et
1066 1190 1105 1228 in
1138 1202 1268 1240 pugna
1299 1182 1439 1240 parurn
1470 1189 1609 1229 fortem
1639 1189 1772 1228 fuisse.
1835 1188 1936 1237 Quid
1968 1191 2071 1241 quod

390 1273 421 1298 c.
441 1260 492 1299 31
513 1259 752 1310 periclitatur
765 1273 854 1302 eum
868 1260 984 1299 etiam
1001 1274 1024 1299 a
1041 1261 1281 1310 corruptelae
1304 1259 1526 1310 suspicione
1548 1272 1712 1310 purgare
1734 1259 1907 1300 fabulam
1926 1259 2072 1299 addens

389 1343 550 1380 prorsus
582 1330 759 1378 inanem;
791 1331 926 1370 eodem
959 1331 1084 1381 capite
1116 1331 1313 1382 praedicat
1344 1330 1477 1379 fatum,
1512 1331 1615 1381 quod
1635 1330 1909 1370 Demosthenis
1937 1343 2072 1370 necem

389 1402 513 1440 ultum
546 1400 606 1440 sit.
655 1400 706 1440 Ut
737 1401 814 1440 alia
844 1401 959 1440 huius
991 1401 1280 1441 benevolentiae
1301 1401 1412 1451 signa
1432 1400 1646 1448 mittamus,
1680 1406 1842 1451 apparet
1869 1401 1948 1440 iam
1977 1400 2072 1441 satis

388 1470 580 1520 Abbing
617 1471 696 1521 (ap.
719 1471 949 1520 Volkmann,
982 1472 1124 1520 Leben,
1158 1471 1351 1511 Schriften
1383 1472 1462 1510 und
1498 1471 1748 1522 Philosophia
1777 1472 1845 1511 des
1875 1471 2071 1520 Plutarch,

392 1533 524 1580 Berlin
544 1543 668 1589 1873,
685 1542 715 1580 ΙΙ
733 1542 833 1590 340)
857 1556 936 1581 non
957 1543 1088 1582 leviter
1108 1543 1302 1582 iudicasse
1323 1555 1413 1581 cum
1433 1542 1587 1591 diceret,
1620 1541 1818 1582 Plutarchi
1847 1542 1887 1581 in
1912 1542 2074 1582 historia

389 1611 466 1650 veri
500 1612 626 1651 studio
658 1613 758 1652 inter
789 1613 867 1652 alia
888 1614 1068 1652 ‘maxime
1100 1614 1271 1653 obfuisse
1304 1626 1500 1652 summam
1530 1613 1654 1664 ipsius
1686 1613 1983 1653 humanitatem.

531 1682 691 1731 Deinde,
725 1697 964 1735 quamquam
996 1685 1144 1724 nullam
1176 1683 1403 1724 eruditionis
1434 1685 1733 1724 ostentationem
1769 1684 2072 1724 animadvertere

390 1753 532 1804 possis,
570 1754 742 1804 peccavit
762 1755 819 1796 Pl.
843 1755 882 1793 in
905 1768 960 1803 eo,
995 1739 1109 1805 quod,
1143 1755 1295 1794 animos
1326 1759 1369 1794 ut
1399 1767 1517 1805 quam
1547 1755 1716 1794 maxime
1746 1759 1916 1794 moveret
1946 1758 1983 1794 et
2012 1755 2074 1793 de-

388 1825 559 1872 lectaret,
593 1838 876 1876 nonnunquam
907 1839 968 1865 res
998 1827 1289 1876 t1·ansponebat‚
1322 1830 1541 1876 temporum
1562 1825 1738 1864 ordinem
1758 1825 1939 1864 turbabat
1959 1829 2074 1875 atque

389 1896 484 1934 adeo
518 1908 579 1935 res
612 1895 774 1935 traditas
808 1909 878 1935 suo
910 1895 1068 1935 arbitrio
1099 1896 1437 1946 interpretabatur.

531 1965 630 2005 Nam
662 1966 869 2005 verisimile
901 1972 959 2005 est
991 1979 1078 2005 eum
1112 1979 1196 2016 cap.
1233 1969 1269 2014 5,
1302 1966 1368 2005 ubi
1399 1971 1543 2014 narrat,
1577 1965 1771 2016 quomodo
1793 1964 2073 2004 Demosthenes

390 2036 601 2076 Callistrati
622 2037 802 2076 audiendi
823 2037 1071 2076 occasionem
1091 2042 1258 2076 nanctus
1291 2037 1352 2084 sit,
1381 2037 1435 2076 ita
1450 2036 1655 2087 Hermippi
1682 2035 1854 2085 vestigiis
1870 2034 2071 2083 institisse,

390 2112 443 2154 ut,
478 2121 595 2158 quam
625 2108 890 2146 narrationem
921 2108 983 2146 hic
1015 2108 1277 2158 adoptaverat,
1310 2109 1503 2146 desereret
1524 2111 1572 2154 et,
1606 2119 1681 2157 quo
1704 2107 1852 2146 colores
1872 2105 2075 2144 vividiores

391 2179 536 2226 fierent,
561 2179 662 2218 alius
678 2178 879 2229 scriptoris
898 2178 1160 2218 narrationem
1177 2179 1226 2217 ab
1239 2178 1455 2228 Hermippo
1472 2181 1819 2216 commemoratam
1835 2180 2070 2227 sequeretur.

396 2270 439 2274 -—
478 2249 629 2288 Similia
660 2251 707 2288 de
739 2263 859 2289 causa
890 2249 1102 2300 Harpalica
1133 2255 1248 2300 atque
1279 2250 1325 2289 de
1358 2250 1448 2299 fuga
1480 2248 1836 2288 animadvertimus.
1889 2246 1984 2298 Cap.
2021 2249 2071 2287 16

389 2320 436 2358 de
475 2320 750 2360 Demosthenis
787 2321 977 2370 legatione
1014 2321 1052 2359 in
1094 2319 1283 2370 liquidum
1315 2319 1473 2370 perduci
1510 2318 1664 2369 nequit,
1705 2323 1836 2357 utrum
1867 2316 2073 2357 Aeschinis

390 2390 654 2430 cavillationes
686 2391 771 2441 ipse
803 2404 957 2430 summa
987 2390 1150 2429 audacia
1181 2389 1220 2428 in
1251 2389 1489 2428 contrarium
1509 2387 1781 2435 immutaverit,
1815 2400 1865 2426 an
1886 2386 2074 2426 memoria
2108 2395 2117 2403 ”

390 2461 526 2511 lapsus
559 2461 621 2509 sit,
654 2475 704 2500 an
735 2462 840 2511 apud
871 2461 1171 2511 Theopompum
1202 2461 1260 2499 vel
1291 2460 1331 2508 in
1363 2459 1482 2509 stirpe
1512 2458 1664 2498 diversa
1695 2457 1892 2505 invenerit.

529 2531 702 2582 Denique
733 2533 848 2582 plane
868 2532 944 2571 alia
965 2544 1011 2571 ac
1033 2531 1165 2582 stirpis
1187 2535 1365 2570 auctores
1386 2531 1567 2569 utebatur
1587 2529 1747 2568 ratione.
1792 2527 1905 2576 Nam,
1939 2539 2070 2578 quam-

389 2601 446 2640 vis
478 2602 723 2641 vehementer
754 2603 831 2641 vita
862 2602 1060 2642 umbratili
1091 2602 1357 2648 delectaretur,
1391 2613 1469 2639 non
1491 2601 1586 2639 adeo
1609 2599 1686 2638 otio
1709 2597 1928 2645 abundavit,
1961 2601 2004 2636 ut
2024 2597 2072 2636 ad

390 2673 611 2722 exemplum
632 2672 978 2723 Peripateticorum
1009 2678 1046 2712 et
1077 2672 1242 2711 aliorum
1271 2672 1474 2711 doctorum
1494 2669 1847 2709 Alexandrinorum
1867 2679 2003 2706 omnes
2023 2667 2073 2706 ad

389 2755 511 2781 unum
543 2742 751 2793 scriptores
783 2745 830 2782 de
851 2756 1083 2794 unaquaque
1103 2743 1163 2781 vel
1196 2742 1457 2781 minutissima
1478 2754 1520 2780 re
1540 2740 1673 2787 adiret,
1707 2740 1774 2778 sed
1806 2737 1902 2777 satis
1932 2738 2074 2776 habere

391 2819 551 2852 coactus
574 2818 634 2853 est
652 2827 774 2852 unum
796 2815 854 2854 vel
871 2815 970 2853 duos
983 2814 1169 2863 largiores
1190 2813 1316 2852 fontes
1333 2813 1512 2852 universe
1531 2815 1687 2851 secutus
1703 2809 1888 2848 flosculos
1904 2807 2074 2858 undique

390 2884 592 2934 decerptos
626 2897 696 2922 suo
723 2898 915 2935 quemque
936 2885 1022 2924 loco
1043 2884 1130 2924 vitis
1152 2884 1333 2923 inserere.
1385 2884 1516 2934 Itaque
1537 2879 1811 2922 Demosthenis
1832 2892 1887 2919 or.
1910 2879 1958 2918 de
1978 2891 2073 2927 cor„

392 2967 510 3005 quam
520 2954 610 2994 inde
620 2968 643 2994 a
657 2968 691 2997 c.
709 2956 727 2994 1
738 2957 759 2995 7
773 2954 1020 3005 singulariter
1033 2954 1141 3005 sequi
1152 2958 1344 3002 coeperat,
1361 2959 1444 2993 tum
1454 2954 1611 2993 demum
1621 2950 1802 2998 deseruit,
1818 2962 1909 2989 cum
1919 2948 2077 2989 vidisset
