2138 3386
1096 281 1145 290 ..
1210 258 1264 303 12
1328 281 1378 291 .-

391 371 637 429 Ἰσοκράτους
667 374 888 432 μαθητῶν]
931 372 1152 433 Δημήτριος
1182 374 1215 418 δ’
1236 374 1275 419 ἐν
1304 381 1382 425 τοῖς
1410 377 1498 433 περὶ
1527 374 1739 434 ὁμωνὺμων
1768 383 1934 435 ποιητῶν
1953 374 2069 420 Χαλ-

388 444 499 485 κιδέα
529 447 642 502 φησὶν
672 443 786 487 αὐτὸν
817 444 919 487 εἶναι.
963 450 1104 491 Suidas
1132 465 1163 491 S.
1187 466 1220 491 v.
1242 446 1383 495 Ἰσαῖος
1413 451 1554 492 iisdem
1582 452 1709 492 verbis
1738 451 1900 492 iteratis
1917 457 2069 504 praeter

389 529 578 569 easquae
598 520 710 559 uncis
732 520 886 568 inclusi,
918 521 992 560 hoc
1014 521 1052 561 in
1074 527 1248 562 extremo
1270 521 1393 561 addit:
1425 515 1536 566 οὗτος
1556 516 1758 561 ἐπαινεῖται
1778 519 1846 560 καὶ
1866 515 1922 567 ὥς
1940 515 2068 575 ῥήτωρ

386 587 455 627 καὶ
485 583 538 634 ὡς
568 584 827 644 Δημοσθένην
857 586 998 643 ἀμισθὶ
1028 591 1270 644 προαγαγών.
2016 586 2019 589 ’

527 677 641 717 Hunc
672 679 814 727 locum,
848 679 1025 730 quisquis
1056 680 1110 719 ita
1141 685 1411 732 comparatum
1441 680 1576 720 viderit
1607 681 1800 730 concedet,
1833 693 1913 721 non
1942 684 2068 720 totum

389 761 435 788 ex
480 749 675 789 Demetrio
707 751 756 790 M.
792 751 978 801 pendere,
1026 753 1093 791 sed
1136 757 1239 791 certo
1276 765 1355 791 non
1391 752 1468 791 nisi
1505 753 1553 791 de
1589 735 1686 791 Isaei
1722 751 1850 803 patria
1887 751 2070 792 Deinetrii

385 820 620 870 opinionem,
645 834 745 871 quae
765 834 855 860 cum
877 819 1026 871 vulgari
1046 835 1125 861 non
1147 822 1348 873 congruat,
1381 822 1520 862 afferri.
1553 822 1610 862 Ac
1632 835 1680 861 ne
1699 822 1808 862 dicas
1827 821 2068 862 Demetrium

385 891 587 942 Hermippi
609 891 769 941 vestigia
790 898 1029 943 prementem
1050 894 1147 933 haec
1164 895 1330 933 fortasse
1345 893 1644 944 Harpocrationi
1659 893 1898 944 praebuisse,
1920 903 2067 944 quaeso

385 962 670 1002 animadvertas
692 977 714 1002 a
735 963 904 1002 Caecilio
931 977 1133 1012 canonem,
1167 965 1233 1014 qui
1253 965 1393 1003 dicitur
1414 965 1548 1003 decem
1569 969 1780 1013 oratorum,
1812 963 2067 1004 constitutum

384 1044 482 1081 esse,
516 1039 558 1072 ut
579 1034 794 1084 putandum
818 1034 867 1073 sit
889 1035 1120 1085 scriptorem
1141 1036 1347 1086 quendam,
1381 1035 1446 1085 qui
1468 1040 1557 1085 post
1579 1034 1735 1074 Caecilii
1755 1039 1934 1085 tempora
1952 1034 2066 1074 florii·

383 1103 465 1152 erit,
489 1104 656 1143 fortasse
670 1105 774 1144 hunc
792 1106 933 1156 ipsum,
957 1107 1005 1145 ab
1027 1106 1335 1157 Harpocratione
1358 1106 1410 1153 (et
1432 1105 1567 1153 Suida)
1588 1109 1822 1156 usurpatum
1841 1111 1956 1144 esse.A
1978 1104 2067 1145 ‘Nec

384 1175 499 1214 verba
520 1189 544 1214 a
565 1174 685 1215 Suida
706 1175 856 1215 adiecta
877 1177 978 1215 unde
999 1176 1181 1216 fluxerint
1213 1177 1433 1227 quisquam,
1468 1176 1534 1227 qui
1565 1181 1746 1215 accurate
1776 1175 2065 1224 examinaverit,

382 1245 619 1284 confidenter
649 1246 776 1285 dicere
808 1251 946 1297 potest.
1000 1247 1056 1286 Ex
1078 1248 1273 1286 Demetrio
1296 1247 1460 1298 repetita
1482 1260 1526 1286 ea
1554 1259 1642 1286 esse
1672 1247 1851 1286 conicere·
1876 1251 2065 1295 vetamur,

383 1317 485 1366 quod
516 1329 563 1355 ex
596 1316 656 1365 iis,
690 1330 790 1368 quae
821 1317 1079 1368 Harpocratio
1111 1318 1239 1366 tradit,
1274 1331 1351 1357 non
1383 1318 1570 1357 discimus
1602 1330 1647 1356 ea
1678 1330 1768 1356 cum
1799 1317 1928 1368 priore
1958 1321 2068 1368 parte

381 1386 588 1426 coniuncta
609 1401 708 1428 esse.
757 1388 890 1438 Itaque
911 1388 1007 1427 satis
1028 1389 1242 1428 habeamus
1271 1394 1422 1439 oportet
1454 1388 1639 1428 statuisse
1669 1388 1750 1427 iam
1780 1388 1829 1427 ab
1850 1387 2066 1439 Hermippo

379 1457 467 1508 ipso
498 1458 593 1498 talia
624 1459 791 1498 fortasse
821 1464 979 1499 narrata
1010 1472 1108 1499 esse.
1154 1459 1312 1499 Certum
1333 1459 1517 1498 Demetrii
1538 1459 1588 1498 M.
1611 1459 1845 1498 haberemus
1866 1458 2064 1507 indicium,

382 1528 415 1566 si
455 1528 588 1568 Isaeus
630 1543 653 1568 a
693 1530 903 1569 Plutarcho
954 1530 1096 1570 diserte
1136 1530 1493 1570 Chalcidensis
1545 1529 1896 1579 cognominaretur.
1964 1529 2067 1570 Nam

379 1611 467 1637 cum
502 1604 652 1649 praeter
683 1600 873 1651 Harpocr.
908 1605 945 1640 et
977 1601 1083 1640 Suid.
1118 1606 1155 1640 et
1185 1602 1335 1652 Psplut.
1371 1602 1490 1648 839e,
1525 1601 1636 1640 844b
1667 1604 1707 1639 et
1726 1600 1837 1639 Phot.
1871 1600 1956 1639 eod.
1981 1600 2063 1640 263

379 1683 415 1720 p.
441 1671 552 1709 490a
575 1673 627 1710 25
651 1676 688 1710 et
709 1672 793 1711 cod.
820 1673 900 1711 265
926 1685 962 1722 p.
988 1673 1098 1711 4921>
1123 1674 1174 1712 26
1198 1674 1245 1712 ed
1265 1673 1383 1711 Bekk.
1427 1669 1585 1712 Isaeum
1601 1671 1900 1712 Chalcidensem
1914 1676 2064 1719 vocent,

377 1746 540 1791 apparet
562 1742 796 1792 posteriores
820 1743 1030 1793 scriptores
1052 1743 1291 1783 Demetrium
1314 1748 1469 1782 secutos
1498 1756 1598 1791 esse,
1630 1743 1884 1782 Plutarchum
1905 1742 1988 1782 eius
2010 1742 2064 1782 rei

377 1812 557 1861 ignarum
588 1813 721 1853 fuisse.

518 1901 560 1942 C.
587 1903 638 1940 30
662 1915 757 1940 num
778 1901 904 1941 verbis
936 1897 1080 1954 κομιδῇ
1112 1898 1324 1955 φλυαροῦσι
1344 1901 1528 1941 Demetrii
1549 1901 1598 1940 M.
1623 1914 1694 1942 nec
1725 1899 1866 1952 prioris
1898 1901 2063 1941 alicuius

376 1970 590 2020 scriptoris,
615 1971 681 2021 qui
697 1971 882 2010 Demetrii
898 1985 1052 2022 quoque
1066 1977 1201 2011 auctor
1218 1971 1343 2019 fuerit,
1366 1973 1553 2011 refutetur
1572 1976 1850 2027 commentum,
1874 1972 2064 2012 incertum

375 2045 445 2079 est.
510 2041 585 2080 Sed
617 2041 770 2080 etiamsi
802 2043 1063 2082 concedamus
1095 2043 1133 2082 id
1165 2043 1213 2081 ad
1245 2042 1486 2082 Demetrium
1518 2047 1714 2093 spectare,
1757 2042 1845 2082 inde
1886 2045 1923 2082 et
1959 2043 2062 2093 quod

374 2111 526 2150 duobus
558 2112 644 2151 aliis
677 2112 774 2151 locis
805 2113 965 2152 notitiae
996 2114 1189 2163 quaedam
1212 2126 1259 2152 ex
1282 2126 1326 2152 eo
1349 2113 1533 2164 repetitae
1555 2118 1657 2161 sunt,
1690 2112 1851 2152 minime
1881 2110 2063 2163 colligere

373 2181 462 2220 licet
493 2195 677 2231 magnam
708 2182 826 2222 totius
858 2183 958 2222 vitae
991 2188 1142 2233 partem
1174 2197 1221 2222 ex
1253 2185 1390 2223 eodem
1421 2184 1599 2233 Magnete
1629 2183 1804 2224 fluxisse.

513 2270 688 2320 Denique
719 2284 798 2309 non
829 2271 1000 2311 alienum
1021 2285 1044 2310 a
1066 2284 1186 2310 eausa
1207 2276 1266 2310 est
1287 2284 1598 2311 commemorare
1622 2271 1662 2311 in
1683 2271 1842 2321 reliquis
1863 2271 2061 2313 Plutarchi

372 2340 481 2379 libris
504 2341 656 2380 nullum
678 2346 833 2380 exstare
853 2342 995 2389 locum,
1028 2341 1094 2380 ubi
1124 2341 1190 2380 illo
1213 2355 1308 2380 usus
1331 2342 1392 2389 sit,
1417 2355 1656 2392 quamquam
1677 2342 1752 2381 hoc
1767 2336 1857 2381 ‘non
1874 2354 2062 2391 magnum

371 2417 614 2450 momentum
645 2406 782 2451 facere³
812 2412 1023 2462 Roesigero
1055 2412 1109 2462 (p.
1142 2412 1211 2460 39)
1246 2413 1428 2460 concedo,
1461 2412 1673 2452 dummodo
1704 2425 1783 2451 non
1814 2424 1922 2451 mero
1952 2424 2059 2460 casu,

370 2486 412 2520 ut
427 2481 482 2520 illi
499 2481 659 2530 videtur,
682 2483 749 2521 sed
772 2482 936 2522 consilio
959 2495 1053 2521 suos
1076 2483 1202 2521 fontes
1220 2496 1310 2523 eum
1327 2482 1471 2521 adiisse
1488 2483 1706 2522 credamus.
1745 2482 1797 2522 At
1817 2482 2059 2536 aliquantum

371 2565 465 2590 sane
496 2553 545 2591 ad
576 2566 659 2591 rem
691 2553 867 2603 pertinet,
901 2554 1004 2603 quod
1036 2552 1193 2603 Dionys.
1227 2553 1367 2601 Halia,
1401 2553 1510 2592 testis
1541 2553 1702 2592 minime
1724 2554 1978 2604 spernendus,
2011 2554 2058 2592 de

370 2622 456 2661 Din.
481 2622 558 2661 iud.
586 2624 605 2662 1
633 2636 703 2674 sq„
737 2614 978 2663 Demetrium
1007 2623 1227 2673 Magnetem
1259 2636 1390 2662 severe
1420 2623 1650 2674 vituperavit
1690 2617 1814 2671 (οὐδὲν
1845 2617 1942 2661 ἐστιν
1971 2617 2057 2661 οὔτε

368 2687 525 2743 ἀκριβὲς
556 2687 642 2730 οὔτε
674 2688 829 2747 ἀληθὲς
860 2687 980 2745 εὑρεῖν
1011 2694 1115 2741 etc).
1151 2714 1203 2720 -

507 2781 675 2820 Duridi
688 2795 706 2820 s
729 2795 849 2822 causa
870 2796 950 2822 non
971 2783 1209 2822 firmioribus
1232 2796 1351 2833 quam
1373 2783 1558 2822 Demetrii
1579 2782 1770 2832 Magnetis
1793 2782 2054 2822 fundamentis

365 2849 511 2890 nititur.
566 2851 677 2899 Quod
700 2853 853 2892 etiamsi
874 2859 1010 2904 postea
1032 2867 1118 2892 mea
1140 2853 1367 2904 quaestione
1388 2854 1567 2893 instituta
1588 2853 1918 2903 comprobabitur,
1949 2865 2054 2892 nunc

365 2919 574 2970 impetrare
605 2937 627 2961 a
659 2936 721 2961 me
752 2937 921 2975 nequeo,
964 2923 1077 2974 quin,
1118 2924 1254 2976 quanti
1284 2924 1391 2963 illius
1423 2928 1654 2973 argumenta
1687 2924 1930 2965 aestimanda
1961 2923 2050 2971 sint,

365 2991 500 3045 paucis
532 2992 736 3044 explicem.
