2138 3386
789 208 1075 253 ...55-

87 333 186 375 nihil
207 346 251 374 se
267 346 319 389 ¹ex
340 345 388 373 ea
409 330 580 384 amplius
602 330 792 384 proficere
819 343 948 384 posse,
982 330 1320 381 Theopompoque
1340 333 1377 368 et
1397 327 1583 368 Aeschini
1604 341 1646 367 se
1667 341 1787 379 quam

86 404 260 446 maxime
279 403 469 452 adiunxit,
492 417 584 444 cum
605 405 654 444 ab
676 404 732 444 eis
754 404 918 444 allectus
940 407 1057 450 esset,
1079 401 1176 440 nihil
1199 413 1342 440 curans
1358 399 1582 439 Philochori
1604 400 1783 438 aliorum-

87 489 164 528 que
194 475 418 528 aequalium
448 475 508 515 vel
540 475 840 526 subaequalium
870 487 1003 514 rerum
1034 472 1270 523 scriptorum
1300 471 1500 510 historias.

226 546 320 587 Inde
339 546 459 587 etiam
479 547 548 587 illa
568 546 834 597 neglegentiae
855 545 998 586 indicia
1020 544 1070 592 (c.
1090 545 1116 583 4
1132 543 1180 582 de
1202 542 1443 590 educatione,
1466 555 1499 581 c.
1522 542 1574 581 17
1592 543 1640 582 de
1661 542 1785 581 Theo-

87 617 239 670 phrasti
268 617 439 666 nomine,
472 630 505 657 c.
543 619 595 658 17
626 618 674 657 de
704 617 807 657 bello
838 614 1131 668 Amphissensi)
1163 613 1353 664 originem
1386 613 1545 652 ducunt.

227 688 493 728 Nihilominus
514 688 724 728 Plutarcho
746 688 891 738 gratias
912 687 1057 727 habere
1088 687 1288 734 debemus,
1323 685 1426 736 quod
1458 690 1541 724 tam
1571 685 1786 724 multarum

1 750 10 754 ⁴
84 765 246 812 tamque
274 760 488 800 illustrium
518 772 649 800 rerum
676 759 908 799 memoriam
930 757 1114 798 condidit.
1162 756 1265 796 Nam
1287 755 1635 807 Peripateticorum
1667 768 1786 806 opera

84 836 308 884 temporum
327 831 472 872 invidia
491 830 721 871 interierunt
741 836 790 879 et,
810 842 1050 882 quamquam
1066 829 1190 868 multa
1211 841 1259 868 ex
1281 828 1329 867 iis
1346 827 1565 877 fragmenta
1582 826 1787 867 sedulitate

84 902 449 955 Pseudoplutarchi,
481 901 609 951 Photi,
641 901 844 950 Athenaei,
869 901 1024 949 Suidae,
1054 900 1295 951 reliquorum
1316 898 1520 939 hominum
1541 898 1785 949 antiquitatis

0 964 11 993 ²‘
86 974 354 1015 studiosorum
369 978 538 1014 aetatem
550 974 736 1021 tulerunt,
755 978 888 1013 tamen
906 985 1034 1023 saepe,
1053 971 1206 1022 opinor,
1225 971 1332 1011 dubii
1342 971 1594 1010 haereremus
1606 975 1642 1010 et
1654 983 1784 1009 rerum

85 1045 423 1089 nobilissimarum
453 1045 579 1096 ignari
611 1057 803 1093 essemus,
835 1044 911 1084 nisi
933 1043 1168 1083 Plutarchus
1200 1043 1298 1083 haec
1329 1055 1474 1092 magna
1505 1042 1659 1093 pietatis
1692 1054 1787 1082 suae

85 1128 179 1167 erga
209 1116 380 1157 maiores
411 1116 672 1157 exstruxisset
702 1120 969 1157 monumenta.
