2138 3386
1102 233 1269 287 ...30
1334 256 1381 275 Δ

537 362 614 404 Sed
634 376 684 404 ne
703 359 958 403 Plutarchum
987 372 1034 403 ea
1063 377 1110 404 ex
1141 365 1284 414 codicis
1306 356 1471 404 alicuius
1493 360 1810 406 annotationibus
1831 363 2075 419 excerpsisse

398 438 592 486 putemus,
622 431 859 483 monendum
888 439 947 474 est
967 441 1166 475 auctorem
1187 435 1319 486 stirpis
1340 436 1438 475 tales
1459 436 1643 477 minutias
1663 449 1823 478 curasse
1844 441 1882 476 et
1897 441 2078 477 accurate

396 506 445 545 de
485 505 737 557 extemporali
775 503 959 546 facultate
992 507 1052 545 vel
1082 507 1130 546 de
1161 507 1283 557 plebis
1315 506 1453 546 studiis
1484 507 1543 546 vel
1573 508 1621 546 de
1650 513 1774 548 morte
1802 506 2076 548 Demosthenis

397 574 580 626 quicquid
610 580 694 615 tum
725 576 918 615 ferebatur
948 577 1249 618 coacervavisse.
1297 576 1348 616 At
1380 577 1466 627 quis
1497 577 1606 616 locus
1633 577 1770 628 Satyro
1799 577 1922 618 fuisse
1949 582 2077 630 potest

396 644 493 686 haec
523 646 770 698 proferendi?
827 647 927 686 Nam
964 652 1069 686 caret
1098 647 1248 687 ratione
1279 647 1430 698 opinari
1461 660 1550 687 eum
1581 653 1619 687 et
1648 635 1912 695 antecedentia
1941 636 2077 699 eodem

397 718 603 757 verborum
625 722 663 757 et
685 717 964 757 sententiarum
985 718 1119 757 ordine
1140 731 1185 757 ac
1208 717 1318 766 serie,
1352 723 1394 757 ut
1414 729 1518 757 nunc
1547 718 1725 768 legimus,
1751 707 1973 773 ‘Plutarcho‘
1989 719 2077 758 sub-

398 788 656 836 ministrasse,
699 801 788 827 cum
827 801 915 827 eum
946 801 1193 840 nequaquam
1223 790 1319 828 adeo
1351 789 1537 838 elegantis
1568 789 1699 828 iudicii
1729 778 1928 842 expertem
1956 789 2078 830 fuisse

400 859 651 898 manifestum
683 859 744 901 sit.
808 858 884 898 Sed
914 859 988 898 hoc
1019 859 1060 898 in
1090 859 1219 910 aptius
1251 864 1406 910 tempus
1438 859 1571 898 differo
1604 859 1670 909 (ad
1701 873 1788 911 cap.
1824 846 1925 908 14).‘

540 929 715 981 Capita
738 931 876 970 5-11
900 943 979 969 una
999 930 1211 981 eademque
1231 930 1380 969 ratione
1401 929 1644 970 aestimanda
1674 934 1788 980 sunt;
1816 920 1945 982 *neque
1974 930 2078 971 enim

400 1005 599 1040 auctorem
629 1000 745 1039 huius
777 999 899 1051 partis
930 999 1038 1050 fugit,
1071 1013 1147 1051 quo
1179 1000 1346 1051 quidque
1376 1001 1536 1048 referat;
1568 997 1699 1052 itaque
1728 1001 1860 1041 omnia
1878 996 2078 1041 tam-bene

400 1073 499 1111 inter
530 1085 573 1111 se
604 1070 822 1119 cohaerent,
864 1076 906 1110 ut
936 1070 1089 1110 etiamsi
1118 1071 1220 1112 Plut.
1251 1084 1283 1110 c.
1311 1072 1359 1111 11
1388 1075 1484 1110 extr.
1517 1084 1596 1110 non
1627 1071 1768 1112 diserte
1798 1072 2080 1112 demonstraret
2136 1058 2138 1060 Ι

402 1156 444 1182 se
475 1155 561 1182 eam
587 1141 790 1181 materiam
819 1154 1007 1190 resecare,
1040 1146 1172 1192 aperte
1194 1141 1504 1192 perspiceremus
1526 1154 1615 1181 eum
1627 1142 1864 1182 uberrimam
1876 1133 2080 1198 materiam

402 1215 450 1253 ab
482 1213 569 1252 aliis
600 1212 679 1251 iam
710 1216 976 1251 coacervatam
997 1217 1041 1251 et¹
1056 1212 1240 1251 continua
1260 1212 1435 1251 oratione
1453 1216 1659 1252 tractatam
1678 1213 1843 1252 breviter
1863 1208 1997 1253 forsan
2016 1210 2080 1251 hic

400 1284 479 1324 illic
509 1283 728 1323 restrictam
758 1283 1087 1334 transscripsisse.

542 1354 669 1405 Atque
699 1367 796 1404 cap.
830 1357 868 1402 5,
907 1367 982 1404 quo
1021 1353 1239 1405 exponitur,
1274 1355 1466 1404 quomodo
1497 1354 1606 1393 Dem.
1639 1354 1689 1394 ad
1719 1358 1844 1394 artem
1872 1353 2081 1395 oratoriam

403 1425 597 1476 impulsus
620 1424 682 1473 sit,
706 1425 755 1463 ad
776 1424 1033 1475 Hermippum
1055 1425 1297 1463 referendum
1329 1437 1416 1463 esse
1438 1438 1474 1475 p.
1500 1425 1552 1465 10
1576 1438 1660 1476 sqq.
1681 1425 1989 1469 demonstratum
2009 1429 2080 1480 est.

544 1495 586 1535 C.
611 1497 634 1535 6
658 1494 740 1534 init.
764 1495 945 1545 propriae
966 1494 1120 1534 cuidam
1141 1496 1209 1534 sed
1230 1495 1416 1545 pulchrae
1438 1495 1650 1535 sententiae
1670 1495 1923 1535 occurrimus.
1966 1494 2082 1535 Nam-

404 1579 478 1617 que
511 1570 717 1616 postquam
748 1565 848 1604 Plut.
883 1578 972 1603 cum
1003 1565 1161 1616 reliquis
1192 1566 1416 1616 biographis
1448 1565 1695 1606 consentiens
1727 1565 1792 1615 (cf.
1820 1565 1927 1616 Pspl.
1961 1565 2081 1613 8440,

402 1637 514 1678 Phot.
548 1638 645 1684 492,
680 1638 734 1677 30
766 1636 945 1686 inprimis
977 1649 1023 1675 ex
1054 1637 1246 1676 Midianae
1276 1638 1297 1684 ἓ
1331 1638 1414 1685 80),
1448 1637 1516 1676 sed
1546 1637 1722 1686 neglecta
1751 1635 1953 1690 nominum
1983 1635 2085 1675 mole

402 1707 559 1746 tradidit
571 1707 873 1746 Demosthenem
893 1707 992 1746 inter
1012 1707 1114 1746 viros
1137 1713 1336 1759 receptum
1357 1709 1459 1747 bona
1485 1721 1557 1747 sua
1573 1705 2084 1758 a-tutoribusperfidissimiS

402 1783 575 1829 repetere
592 1777 769 1828 coepisse
782 1782 819 1816 et
833 1777 1024 1816 adevictis
1038 1790 1086 1816 ne
1103 1778 1304 1818 minimam
1322 1779 1477 1829 quidem
1490 1784 1640 1829 partem
1653 1783 1880 1829 extorquere
1898 1777 2084 1828 potuisse,

404 1849 521 1897 addit,
541 1849 640 1888 sicut
653 1849 860 1897 LaomedO,
883 1853 926 1887 ut
941 1848 1031 1887 vitio
1050 1849 1203 1888 cuidam
1227 1850 1374 1900 splenis
1398 1850 1625 1897 mederetur,
1649 1849 1773 1898 longis
1795 1836 1891 1887 usus
1907 1847 2085 1887 cursibus

406 1919 767 1971 praestantissimus
800 1932 936 1958 cursor
967 1920 1093 1958 factus
1127 1919 1187 1968 sit,
1229 1920 1283 1959 ita
1314 1920 1626 1967 Demosthenem,
1666 1931 1756 1958 cum
1788 1918 1957 1970 primum
1986 1919 2088 1958 bona

405 1997 567 2042 paterna
584 1991 838 2041 recuperandi
855 2003 974 2029 causa
991 2003 1102 2029 orare
1115 1991 1318 2041 coepisset,
1343 2004 1388 2030 ea
1404 2003 1444 2029 re
1462 1990 1638 2041 peritiam
1653 1989 1808 2040 vimque
1824 1990 1896 2029 sibi
1915 2001 2086 2040 parasse,
2101 2033 2103 2035 ¹

406 2062 547 2113 quibus
578 2062 699 2101 fretus
731 2074 793 2100 res
825 2061 1004 2111 publicas
1036 2066 1203 2100 tractare
1234 2074 1442 2111 aggressus
1476 2061 1536 2101 sit.
2007 2056 2009 2059 ⁴

547 2132 653 2172 Haec
685 2132 934 2171 consentiunt
964 2145 1054 2171 cum
1084 2132 1227 2172 Aesch.
1262 2135 1299 2180 3,
1335 2134 1416 2172 255
1456 2136 1566 2180 extr„
1605 2131 1716 2171 cuius
1755 2131 1830 2170 loci
1859 2129 2020 2180 vestigia
2050 2134 2088 2169 et

408 2216 492 2255 cap.
527 2205 552 2243 4
584 2216 773 2254 apparere
803 2203 980 2251 vidimus,
1015 2216 1090 2254 quo
1121 2203 1236 2242 velim
1265 2203 1464 2253 respicias.
1880 2194 1883 2196 ’

549 2274 590 2314 C.
616 2277 639 2314 6
664 2279 784 2316 extr.
813 2295 858 2300 ——-
886 2287 917 2314 c.
944 2276 967 2314 8
991 2273 1101 2313 init.
1125 2273 1318 2312 uberrime
1340 2273 1556 2323 exponitur,
1591 2272 1783 2324 quomodo
1810 2285 1834 2311 a
1855 2271 2088 2322 quibusdam

408 2345 544 2385 amicis
566 2345 707 2385 fiducia
727 2350 764 2385 et
785 2345 1072 2396 perseverantia
1091 2345 1355 2383 inflammatus
1377 2344 1552 2394 corporis
1574 2343 1664 2382 vitia
1685 2347 1722 2382 et
1742 2342 1927 2382 orationis
1944 2341 2087 2392 asperi-

408 2421 527 2456 tatem
559 2416 806 2467 potissimum
837 2420 928 2466 apta
958 2414 1109 2454 actione
1139 2419 1177 2453 et
1208 2427 1362 2453 summa
1392 2414 1531 2452 virium
1563 2413 1772 2452 attentione
1803 2411 2007 2451 sanaverit.

550 2487 641 2526 Inde
671 2487 817 2526 factum
847 2498 948 2535 esse,
979 2491 1022 2525 ut
1052 2498 1130 2525 non
1160 2485 1340 2533 naturali,
1374 2486 1441 2523 sed
1472 2485 1604 2523 labore
1636 2488 1747 2534 parta
1774 2483 1954 2522 facundia
1975 2482 2088 2532 vique

409 2558 559 2599 dicendi
590 2558 788 2610 praeditus
819 2558 1056 2605 crederetur-3
1088 2557 1222 2595 eadem
1252 2556 1299 2594 de
1329 2568 1449 2594 causa
1470 2560 1506 2594 et
1528 2555 1629 2605 quod
1651 2554 1784 2605 populi
1805 2554 1954 2594 amicus
1975 2552 2088 2592 fuerit

409 2644 497 2670 raro
528 2643 617 2670 eum
648 2643 695 2668 ex
726 2634 899 2679 tempore
929 2627 1045 2666 verba
1076 2627 1227 2666 fecisse.

550 2701 696 2740 Deinde
717 2713 749 2739 c.
769 2702 792 2739 9
815 2704 851 2738 et
875 2700 927 2738 10
950 2698 1066 2737 etiam
1097 2697 1315 2737 accuratius
1347 2696 1562 2747 explicatur
1594 2709 1795 2747 quousque
1814 2693 2087 2743 Demosthenis

411 2772 687 2823 extemporalis
719 2771 883 2809 facultas
906 2768 1143 2820 pertinuerit,
1177 2772 1373 2819 postremo
1395 2781 1427 2806 c.
1454 2770 1503 2809 11
1530 2767 1694 2818 scriptor
1715 2765 1915 2805 revertitur
1936 2765 1984 2804 ad
2005 2778 2088 2804 rem

412 2857 444 2883 0.
479 2845 503 2882 8
536 2844 712 2882 relictam
742 2841 946 2890 denuoque
977 2840 1145 2880 Demetr.
1178 2838 1286 2878 Phal.
1320 2843 1460 2878 testem
1491 2839 1687 2877 oculatum
1718 2838 1900 2884 afferens,
1943 2840 2087 2886 quanto

413 2927 503 2954 cum
534 2914 660 2953 studio
692 2911 974 2951 Demosthenes
1007 2910 1208 2949 obstacula
1239 2909 1480 2960 eloquentiae
1511 2907 1703 2955 devicerit,
1738 2907 1905 2958 quidque
1937 2906 2087 2947 actione

389 3020 391 3023 ,
414 2984 592 3034 effecerit,
622 2984 786 3035 denique
804 2982 976 3035 stirpem,
1001 2986 1207 3033 postquam
1220 2980 1345 3020 denuo
1362 2980 1511 3020 monuit
1532 2991 1620 3019 eum
1635 2978 1675 3017 in
1692 2975 2087 3049 extemporqdicendo
