<?xml version="1.0" encoding="UTF-8"?>
<!DOCTYPE html PUBLIC "-//W3C//DTD XHTML 1.0 Transitional//EN"
    "http://www.w3.org/TR/xhtml1/DTD/xhtml1-transitional.dtd">
<html xmlns="http://www.w3.org/1999/xhtml" xml:lang="en" lang="en">
 <head>
  <title>
</title>
<meta http-equiv="Content-Type" content="text/html;charset=utf-8" />
  <meta name='ocr-system' content='tesseract 3.04.00' />
  <meta name='ocr-capabilities' content='ocr_page ocr_carea ocr_par ocr_line ocrx_word'/>
</head>
<body>
  <div class='ocr_page' id='page_1' title='image "./deplutarchiindem00gebhuoft_0044.png"; bbox 0 0 2138 3386; ppageno 0'>
   <div class='ocr_carea' id='block_1_1' title="bbox 1063 211 1344 259">
    <p class='ocr_par' dir='ltr' id='par_1_1' title="bbox 1063 211 1344 259">
     <span class='ocr_line' id='line_1_1' title="bbox 1063 211 1344 259; baseline 0 -15"><span class='ocrx_word' id='word_1_1' title='bbox 1063 211 1344 259; x_wconf 62' lang='lat'>„40-</span> 
     </span>
    </p>
   </div>
   <div class='ocr_carea' id='block_1_2' title="bbox 355 325 2048 1812">
    <p class='ocr_par' dir='ltr' id='par_1_2' title="bbox 355 325 2048 1731">
     <span class='ocr_line' id='line_1_2' title="bbox 355 325 2040 388; baseline -0.001 -14"><span class='ocrx_word' id='word_1_2' title='bbox 355 326 458 374; x_wconf 71' lang='lat' dir='ltr'>‘cum</span> <span class='ocrx_word' id='word_1_3' title='bbox 478 332 712 373; x_wconf 85' lang='lat' dir='ltr'>Plutarchus</span> <span class='ocrx_word' id='word_1_4' title='bbox 743 327 825 371; x_wconf 79' lang='grc' dir='ltr'>ἐπεὶ</span> <span class='ocrx_word' id='word_1_5' title='bbox 855 327 908 372; x_wconf 91' lang='grc' dir='ltr'>Φ.</span> <span class='ocrx_word' id='word_1_6' title='bbox 936 326 1009 372; x_wconf 71' lang='grc' dir='ltr'>ὑπὸ</span> <span class='ocrx_word' id='word_1_7' title='bbox 1039 337 1109 388; x_wconf 77' lang='grc' dir='ltr'>τῆς</span> <span class='ocrx_word' id='word_1_8' title='bbox 1134 331 1220 386; x_wconf 79' lang='grc' dir='ltr'>περὶ</span> <span class='ocrx_word' id='word_1_9' title='bbox 1241 332 1309 387; x_wconf 86' lang='grc' dir='ltr'>τὴν</span> <span class='ocrx_word' id='word_1_10' title='bbox 1325 327 1554 388; x_wconf 75' lang='grc' dir='ltr'>Ἄμφισσαν</span> <span class='ocrx_word' id='word_1_11' title='bbox 1581 325 1761 386; x_wconf 74' lang='grc' dir='ltr'><strong>εὐτυχίας</strong></span> <span class='ocrx_word' id='word_1_12' title='bbox 1790 325 2040 386; x_wconf 66' lang='grc' dir='ltr'>ἐπαιρόμενος</span> 
     </span>
     <span class='ocr_line' id='line_1_3' title="bbox 355 397 2040 458; baseline 0.002 -17"><span class='ocrx_word' id='word_1_13' title='bbox 355 398 410 448; x_wconf 87' lang='grc' dir='ltr'>εὶς</span> <span class='ocrx_word' id='word_1_14' title='bbox 439 414 477 441; x_wconf 91' lang='grc' dir='ltr'>κ.</span> <span class='ocrx_word' id='word_1_15' title='bbox 508 414 538 441; x_wconf 90' lang='grc' dir='ltr'>τ.</span> <span class='ocrx_word' id='word_1_16' title='bbox 568 400 603 441; x_wconf 95' lang='grc' dir='ltr'>λ.</span> <span class='ocrx_word' id='word_1_17' title='bbox 636 404 700 452; x_wconf 86' lang='lat' dir='ltr'>ait,</span> <span class='ocrx_word' id='word_1_18' title='bbox 734 404 773 443; x_wconf 91' lang='lat' dir='ltr'>in</span> <span class='ocrx_word' id='word_1_19' title='bbox 801 404 880 444; x_wconf 88' lang='lat' dir='ltr'>his:</span> <span class='ocrx_word' id='word_1_20' title='bbox 914 398 940 457; x_wconf 85' lang='grc' dir='ltr'>ἡ</span> <span class='ocrx_word' id='word_1_21' title='bbox 961 402 1047 452; x_wconf 83' lang='grc' dir='ltr'>περὶ</span> <span class='ocrx_word' id='word_1_22' title='bbox 1066 403 1134 458; x_wconf 82' lang='grc' dir='ltr'>τὴν</span> <span class='ocrx_word' id='word_1_23' title='bbox 1150 398 1379 458; x_wconf 73' lang='grc' dir='ltr'>’Ἄμφισσαν</span> <span class='ocrx_word' id='word_1_24' title='bbox 1399 397 1559 457; x_wconf 70' lang='grc' dir='ltr'>εὐτυχία</span> <span class='ocrx_word' id='word_1_25' title='bbox 1579 409 1646 444; x_wconf 85' lang='lat' dir='ltr'>aut</span> <span class='ocrx_word' id='word_1_26' title='bbox 1666 404 1877 447; x_wconf 79' lang='lat' dir='ltr'>excitatum</span> <span class='ocrx_word' id='word_1_27' title='bbox 1897 404 2040 444; x_wconf 86' lang='lat' dir='ltr'>solum·</span> 
     </span>
     <span class='ocr_line' id='line_1_4' title="bbox 356 467 2041 526; baseline -0.001 -11"><span class='ocrx_word' id='word_1_28' title='bbox 356 476 474 515; x_wconf 89' lang='lat' dir='ltr'>modo</span> <span class='ocrx_word' id='word_1_29' title='bbox 506 476 555 514; x_wconf 91' lang='lat' dir='ltr'>ab</span> <span class='ocrx_word' id='word_1_30' title='bbox 585 474 937 526; x_wconf 84' lang='lat' dir='ltr'>Amphictyonibus</span> <span class='ocrx_word' id='word_1_31' title='bbox 978 477 1123 516; x_wconf 88' lang='lat' dir='ltr'>bellum</span> <span class='ocrx_word' id='word_1_32' title='bbox 1163 477 1349 515; x_wconf 86' lang='lat' dir='ltr'>adversus</span> <span class='ocrx_word' id='word_1_33' title='bbox 1380 467 1686 526; x_wconf 83' lang='lat' dir='ltr'>Amphissenses</span> <span class='ocrx_word' id='word_1_34' title='bbox 1725 475 1935 526; x_wconf 78' lang='lat' dir='ltr'>significat,</span> <span class='ocrx_word' id='word_1_35' title='bbox 1974 479 2041 514; x_wconf 84' lang='lat' dir='ltr'>aut</span> 
     </span>
     <span class='ocr_line' id='line_1_5' title="bbox 358 539 2039 603; baseline -0.001 -18"><span class='ocrx_word' id='word_1_36' title='bbox 358 546 391 585; x_wconf 91' lang='lat' dir='ltr'>si</span> <span class='ocrx_word' id='word_1_37' title='bbox 422 546 545 586; x_wconf 84' lang='lat' dir='ltr'>victos</span> <span class='ocrx_word' id='word_1_38' title='bbox 576 560 600 586; x_wconf 91' lang='lat' dir='ltr'>a</span> <span class='ocrx_word' id='word_1_39' title='bbox 630 546 813 598; x_wconf 90' lang='lat' dir='ltr'>Philippo</span> <span class='ocrx_word' id='word_1_40' title='bbox 845 547 1170 598; x_wconf 88' lang='lat' dir='ltr'>Amphissenses,</span> <span class='ocrx_word' id='word_1_41' title='bbox 1212 560 1365 587; x_wconf 87' lang='lat' dir='ltr'>errasse</span> <span class='ocrx_word' id='word_1_42' title='bbox 1394 545 1647 603; x_wconf 69' lang='lat' dir='ltr'><strong>Plutarchum</strong></span> <span class='ocrx_word' id='word_1_43' title='bbox 1679 546 1926 586; x_wconf 86' lang='lat' dir='ltr'>statuendum</span> <span class='ocrx_word' id='word_1_44' title='bbox 1957 539 2039 593; x_wconf 83' lang='lat' dir='ltr'>est&#39;,</span> 
     </span>
     <span class='ocr_line' id='line_1_6' title="bbox 356 615 2041 668; baseline -0.002 -11"><span class='ocrx_word' id='word_1_45' title='bbox 356 617 394 657; x_wconf 91' lang='lat' dir='ltr'>id</span> <span class='ocrx_word' id='word_1_46' title='bbox 435 618 538 668; x_wconf 90' lang='lat' dir='ltr'>quod</span> <span class='ocrx_word' id='word_1_47' title='bbox 569 617 792 657; x_wconf 87' lang='lat' dir='ltr'>Philochori</span> <span class='ocrx_word' id='word_1_48' title='bbox 832 619 970 668; x_wconf 84' lang='lat' dir='ltr'><strong>fragm.</strong></span> <span class='ocrx_word' id='word_1_49' title='bbox 1006 620 1087 659; x_wconf 89' lang='lat'>135</span> <span class='ocrx_word' id='word_1_50' title='bbox 1130 618 1438 658; x_wconf 83' lang='lat' dir='ltr'>confirmaretur.</span> <span class='ocrx_word' id='word_1_51' title='bbox 1499 616 1686 666; x_wconf 84' lang='lat' dir='ltr'>Roesiger</span> <span class='ocrx_word' id='word_1_52' title='bbox 1721 630 1760 668; x_wconf 90' lang='lat' dir='ltr'>p.</span> <span class='ocrx_word' id='word_1_53' title='bbox 1798 617 1854 656; x_wconf 83' lang='lat'>43</span> <span class='ocrx_word' id='word_1_54' title='bbox 1895 629 1954 667; x_wconf 86' lang='lat' dir='ltr'>sq.</span> <span class='ocrx_word' id='word_1_55' title='bbox 1985 615 2041 655; x_wconf 90' lang='lat' dir='ltr'>illi</span> 
     </span>
     <span class='ocr_line' id='line_1_7' title="bbox 357 680 2043 741; baseline -0.001 -14"><span class='ocrx_word' id='word_1_56' title='bbox 357 687 531 739; x_wconf 89' lang='lat' dir='ltr'>opinioni</span> <span class='ocrx_word' id='word_1_57' title='bbox 557 701 598 727; x_wconf 90' lang='lat' dir='ltr'>se</span> <span class='ocrx_word' id='word_1_58' title='bbox 623 688 833 739; x_wconf 85' lang='lat' dir='ltr'>applicavit</span> <span class='ocrx_word' id='word_1_59' title='bbox 856 693 972 739; x_wconf 89' lang='lat' dir='ltr'>atque</span> <span class='ocrx_word' id='word_1_60' title='bbox 994 687 1120 727; x_wconf 87' lang='lat' dir='ltr'>verbis</span> <span class='ocrx_word' id='word_1_61' title='bbox 1146 682 1172 741; x_wconf 83' lang='grc' dir='ltr'>ἡ</span> <span class='ocrx_word' id='word_1_62' title='bbox 1195 685 1281 740; x_wconf 85' lang='grc' dir='ltr'>περὶ</span> <span class='ocrx_word' id='word_1_63' title='bbox 1297 686 1365 741; x_wconf 82' lang='grc' dir='ltr'>τὴν</span> <span class='ocrx_word' id='word_1_64' title='bbox 1386 680 1794 741; x_wconf 66' lang='grc' dir='ltr'>Ἀμφισσαν“εἰ&gt;τυχὶα</span> <span class='ocrx_word' id='word_1_65' title='bbox 1815 686 2043 737; x_wconf 82' lang='lat' dir='ltr'><strong>generaliter</strong></span> 
     </span>
     <span class='ocr_line' id='line_1_8' title="bbox 358 757 2044 810; baseline 0 -12"><span class='ocrx_word' id='word_1_66' title='bbox 358 759 604 798; x_wconf 82' lang='lat' dir='ltr'>occasionem</span> <span class='ocrx_word' id='word_1_67' title='bbox 637 759 819 810; x_wconf 91' lang='lat' dir='ltr'>Philippo</span> <span class='ocrx_word' id='word_1_68' title='bbox 850 760 899 798; x_wconf 91' lang='lat' dir='ltr'>ad</span> <span class='ocrx_word' id='word_1_69' title='bbox 931 759 1135 798; x_wconf 86' lang='lat' dir='ltr'>Graeciam</span> <span class='ocrx_word' id='word_1_70' title='bbox 1175 759 1433 798; x_wconf 83' lang='lat' dir='ltr'>invadendam</span> <span class='ocrx_word' id='word_1_71' title='bbox 1472 759 1644 798; x_wconf 86' lang='lat' dir='ltr'>oblatam</span> <span class='ocrx_word' id='word_1_72' title='bbox 1676 758 1885 809; x_wconf 80' lang='lat' dir='ltr'>significari</span> <span class='ocrx_word' id='word_1_73' title='bbox 1914 757 2044 798; x_wconf 83' lang='lat' dir='ltr'>existi-</span> 
     </span>
     <span class='ocr_line' id='line_1_9' title="bbox 358 828 2044 870; baseline 0 -2"><span class='ocrx_word' id='word_1_74' title='bbox 358 828 488 869; x_wconf 86' lang='lat' dir='ltr'>mavit.</span> <span class='ocrx_word' id='word_1_75' title='bbox 551 829 602 868; x_wconf 83' lang='lat' dir='ltr'>At</span> <span class='ocrx_word' id='word_1_76' title='bbox 638 830 753 869; x_wconf 88' lang='lat' dir='ltr'>nobis</span> <span class='ocrx_word' id='word_1_77' title='bbox 791 830 865 868; x_wconf 85' lang='lat' dir='ltr'>hoc</span> <span class='ocrx_word' id='word_1_78' title='bbox 897 830 983 869; x_wconf 87' lang='lat' dir='ltr'>loco</span> <span class='ocrx_word' id='word_1_79' title='bbox 1015 830 1116 869; x_wconf 88' lang='lat' dir='ltr'>Plut.</span> <span class='ocrx_word' id='word_1_80' title='bbox 1149 830 1260 869; x_wconf 83' lang='lat' dir='ltr'>testis</span> <span class='ocrx_word' id='word_1_81' title='bbox 1292 843 1423 869; x_wconf 87' lang='lat' dir='ltr'>rerum</span> <span class='ocrx_word' id='word_1_82' title='bbox 1454 834 1513 870; x_wconf 88' lang='lat' dir='ltr'>est</span> <span class='ocrx_word' id='word_1_83' title='bbox 1543 830 1687 869; x_wconf 86' lang='lat' dir='ltr'>nullus.</span> <span class='ocrx_word' id='word_1_84' title='bbox 1748 829 1851 869; x_wconf 83' lang='lat' dir='ltr'>Nam</span> <span class='ocrx_word' id='word_1_85' title='bbox 1880 833 1920 869; x_wconf 84' lang='lat' dir='ltr'>et</span> <span class='ocrx_word' id='word_1_86' title='bbox 1947 829 2044 868; x_wconf 82' lang='lat' dir='ltr'>haec</span> 
     </span>
     <span class='ocr_line' id='line_1_10' title="bbox 358 899 2042 951; baseline 0 -12"><span class='ocrx_word' id='word_1_87' title='bbox 358 900 474 939; x_wconf 88' lang='lat' dir='ltr'>verba</span> <span class='ocrx_word' id='word_1_88' title='bbox 505 905 543 939; x_wconf 84' lang='lat' dir='ltr'>et</span> <span class='ocrx_word' id='word_1_89' title='bbox 574 901 776 950; x_wconf 85' lang='lat' dir='ltr'>sequentia</span> <span class='ocrx_word' id='word_1_90' title='bbox 808 900 949 951; x_wconf 85' lang='lat' dir='ltr'>(usque</span> <span class='ocrx_word' id='word_1_91' title='bbox 977 914 1034 949; x_wconf 90' lang='lat' dir='ltr'>e0,</span> <span class='ocrx_word' id='word_1_92' title='bbox 1068 901 1134 940; x_wconf 92' lang='lat' dir='ltr'>ubi</span> <span class='ocrx_word' id='word_1_93' title='bbox 1155 901 1351 951; x_wconf 82' lang='lat' dir='ltr'>Marsyam</span> <span class='ocrx_word' id='word_1_94' title='bbox 1373 901 1498 948; x_wconf 86' lang='lat' dir='ltr'>affert)</span> <span class='ocrx_word' id='word_1_95' title='bbox 1521 901 1569 939; x_wconf 88' lang='lat' dir='ltr'>ab</span> <span class='ocrx_word' id='word_1_96' title='bbox 1590 900 1677 951; x_wconf 91' lang='lat' dir='ltr'>ipso</span> <span class='ocrx_word' id='word_1_97' title='bbox 1699 900 1913 940; x_wconf 88' lang='lat' dir='ltr'>secundum</span> <span class='ocrx_word' id='word_1_98' title='bbox 1932 899 2042 940; x_wconf 78' lang='lat' dir='ltr'>Dem.</span> 
     </span>
     <span class='ocr_line' id='line_1_11' title="bbox 358 970 2046 1022; baseline 0 -12"><span class='ocrx_word' id='word_1_99' title='bbox 358 971 406 1010; x_wconf 90' lang='lat' dir='ltr'>de</span> <span class='ocrx_word' id='word_1_100' title='bbox 436 983 516 1012; x_wconf 92' lang='lat' dir='ltr'>cor.</span> <span class='ocrx_word' id='word_1_101' title='bbox 540 971 752 1021; x_wconf 85' lang='lat' dir='ltr'>compilata</span> <span class='ocrx_word' id='word_1_102' title='bbox 784 977 897 1019; x_wconf 87' lang='lat' dir='ltr'>sunt;</span> <span class='ocrx_word' id='word_1_103' title='bbox 929 971 1030 1012; x_wconf 87' lang='lat' dir='ltr'>Plut.</span> <span class='ocrx_word' id='word_1_104' title='bbox 1054 971 1181 1021; x_wconf 85' lang='lat' dir='ltr'>igitur,</span> <span class='ocrx_word' id='word_1_105' title='bbox 1216 985 1293 1022; x_wconf 85' lang='lat' dir='ltr'>qua</span> <span class='ocrx_word' id='word_1_106' title='bbox 1324 976 1383 1010; x_wconf 88' lang='lat' dir='ltr'>est</span> <span class='ocrx_word' id='word_1_107' title='bbox 1412 971 1654 1021; x_wconf 83' lang='lat' dir='ltr'>neglegentia</span> <span class='ocrx_word' id='word_1_108' title='bbox 1682 970 1723 1010; x_wconf 91' lang='lat' dir='ltr'>in</span> <span class='ocrx_word' id='word_1_109' title='bbox 1753 983 1884 1010; x_wconf 86' lang='lat' dir='ltr'>rerum</span> <span class='ocrx_word' id='word_1_110' title='bbox 1913 974 2046 1010; x_wconf 86' lang='lat' dir='ltr'>tenore</span> 
     </span>
     <span class='ocr_line' id='line_1_12' title="bbox 359 1041 2046 1093; baseline 0.001 -13"><span class='ocrx_word' id='word_1_111' title='bbox 359 1041 643 1089; x_wconf 86' lang='lat' dir='ltr'>constituendo,</span> <span class='ocrx_word' id='word_1_112' title='bbox 666 1042 981 1090; x_wconf 82' lang='lat' dir='ltr'>Demosthenem,</span> <span class='ocrx_word' id='word_1_113' title='bbox 1007 1042 1071 1092; x_wconf 87' lang='lat' dir='ltr'>qui</span> <span class='ocrx_word' id='word_1_114' title='bbox 1093 1055 1141 1081; x_wconf 90' lang='lat' dir='ltr'>ne</span> <span class='ocrx_word' id='word_1_115' title='bbox 1163 1042 1248 1092; x_wconf 85' lang='lat' dir='ltr'>ipse</span> <span class='ocrx_word' id='word_1_116' title='bbox 1270 1042 1426 1092; x_wconf 89' lang='lat' dir='ltr'>quidem</span> <span class='ocrx_word' id='word_1_117' title='bbox 1447 1042 1666 1093; x_wconf 87' lang='lat' dir='ltr'>perspicuis</span> <span class='ocrx_word' id='word_1_118' title='bbox 1681 1042 1809 1082; x_wconf 87' lang='lat' dir='ltr'>verbis</span> <span class='ocrx_word' id='word_1_119' title='bbox 1824 1046 2046 1093; x_wconf 87' lang='lat' dir='ltr'>temporum</span> 
     </span>
     <span class='ocr_line' id='line_1_13' title="bbox 359 1112 2047 1164; baseline 0.001 -14"><span class='ocrx_word' id='word_1_120' title='bbox 359 1112 536 1151; x_wconf 88' lang='lat' dir='ltr'>ordinem</span> <span class='ocrx_word' id='word_1_121' title='bbox 567 1117 707 1160; x_wconf 89' lang='lat' dir='ltr'>servat,</span> <span class='ocrx_word' id='word_1_122' title='bbox 741 1113 843 1152; x_wconf 86' lang='lat' dir='ltr'>male</span> <span class='ocrx_word' id='word_1_123' title='bbox 874 1112 1149 1163; x_wconf 86' lang='lat' dir='ltr'>interpretatus</span> <span class='ocrx_word' id='word_1_124' title='bbox 1182 1125 1269 1152; x_wconf 89' lang='lat' dir='ltr'>esse</span> <span class='ocrx_word' id='word_1_125' title='bbox 1301 1112 1584 1152; x_wconf 81' lang='lat' dir='ltr'>existimandus</span> <span class='ocrx_word' id='word_1_126' title='bbox 1617 1117 1688 1152; x_wconf 90' lang='lat' dir='ltr'>est.</span> <span class='ocrx_word' id='word_1_127' title='bbox 1735 1112 1793 1152; x_wconf 88' lang='lat' dir='ltr'>Re</span> <span class='ocrx_word' id='word_1_128' title='bbox 1822 1125 1913 1152; x_wconf 82' lang='lat' dir='ltr'>vera</span> <span class='ocrx_word' id='word_1_129' title='bbox 1943 1116 2047 1164; x_wconf 83' lang='lat' dir='ltr'>post-</span> 
     </span>
     <span class='ocr_line' id='line_1_14' title="bbox 359 1167 2048 1237; baseline -0.001 -15"><span class='ocrx_word' id='word_1_130' title='bbox 359 1196 479 1233; x_wconf 86' lang='lat' dir='ltr'>quam</span> <span class='ocrx_word' id='word_1_131' title='bbox 499 1183 610 1224; x_wconf 89' lang='lat' dir='ltr'>Dem.</span> <span class='ocrx_word' id='word_1_132' title='bbox 638 1183 702 1230; x_wconf 91' lang='lat'>18,</span> <span class='ocrx_word' id='word_1_133' title='bbox 731 1184 810 1222; x_wconf 80' lang='grc'>163</span> <span class='ocrx_word' id='word_1_134' title='bbox 835 1183 952 1222; x_wconf 85' lang='lat' dir='ltr'>dixit:</span> <span class='ocrx_word' id='word_1_135' title='bbox 977 1178 1066 1220; x_wconf 75' lang='grc' dir='ltr'>ἀλλ’</span> <span class='ocrx_word' id='word_1_136' title='bbox 1086 1178 1211 1221; x_wconf 79' lang='grc' dir='ltr'>ἐκεῖσε</span> <span class='ocrx_word' id='word_1_137' title='bbox 1231 1167 1415 1235; x_wconf 76' lang='grc' dir='ltr'>ἐπάνειμι,</span> <span class='ocrx_word' id='word_1_138' title='bbox 1439 1178 1494 1221; x_wconf 78' lang='grc' dir='ltr'>ὅτι</span> <span class='ocrx_word' id='word_1_139' title='bbox 1514 1182 1577 1222; x_wconf 87' lang='grc' dir='ltr'>τὸν</span> <span class='ocrx_word' id='word_1_140' title='bbox 1597 1178 1636 1221; x_wconf 84' lang='grc' dir='ltr'>ὲν</span> <span class='ocrx_word' id='word_1_141' title='bbox 1656 1176 1857 1237; x_wconf 80' lang='grc' dir='ltr'>Ἀμφίσσῃ</span> <span class='ocrx_word' id='word_1_142' title='bbox 1877 1178 2048 1236; x_wconf 86' lang='grc' dir='ltr'>πόλεμον</span> 
     </span>
     <span class='ocr_line' id='line_1_15' title="bbox 357 1246 2046 1306; baseline 0.001 -17"><span class='ocrx_word' id='word_1_143' title='bbox 357 1250 491 1291; x_wconf 76' lang='grc' dir='ltr'>τουτου</span> <span class='ocrx_word' id='word_1_144' title='bbox 522 1251 590 1304; x_wconf 84' lang='grc' dir='ltr'>μὲν</span> <span class='ocrx_word' id='word_1_145' title='bbox 620 1253 868 1306; x_wconf 86' lang='grc' dir='ltr'>ποιήσαντος,</span> <span class='ocrx_word' id='word_1_146' title='bbox 905 1253 1255 1306; x_wconf 76' lang='grc' dir='ltr'>συμπεραναμένων</span> <span class='ocrx_word' id='word_1_147' title='bbox 1287 1250 1328 1291; x_wconf 83' lang='grc' dir='ltr'>δὲ</span> <span class='ocrx_word' id='word_1_148' title='bbox 1358 1258 1431 1292; x_wconf 85' lang='grc' dir='ltr'>τῶν</span> <span class='ocrx_word' id='word_1_149' title='bbox 1462 1249 1594 1292; x_wconf 79' lang='grc' dir='ltr'>ἄλλων</span> <span class='ocrx_word' id='word_1_150' title='bbox 1623 1257 1696 1291; x_wconf 84' lang='grc' dir='ltr'>τῶν</span> <span class='ocrx_word' id='word_1_151' title='bbox 1725 1256 1913 1305; x_wconf 79' lang='grc' dir='ltr'>συνεργῶν</span> <span class='ocrx_word' id='word_1_152' title='bbox 1943 1246 2046 1304; x_wconf 74' lang='grc' dir='ltr'>αὐτῷ</span> 
     </span>
     <span class='ocr_line' id='line_1_16' title="bbox 357 1317 2046 1378; baseline 0.001 -18"><span class='ocrx_word' id='word_1_153' title='bbox 357 1322 424 1376; x_wconf 84' lang='grc' dir='ltr'>τὴν</span> <span class='ocrx_word' id='word_1_154' title='bbox 453 1321 551 1374; x_wconf 86' lang='grc' dir='ltr'>πρὸς</span> <span class='ocrx_word' id='word_1_155' title='bbox 583 1318 779 1376; x_wconf 81' lang='grc' dir='ltr'>Θηβαίους</span> <span class='ocrx_word' id='word_1_156' title='bbox 810 1319 974 1377; x_wconf 83' lang='grc' dir='ltr'>ἔχθραν,</span> <span class='ocrx_word' id='word_1_157' title='bbox 1006 1322 1145 1378; x_wconf 77' lang='grc' dir='ltr'>συνέβη</span> <span class='ocrx_word' id='word_1_158' title='bbox 1177 1323 1239 1362; x_wconf 88' lang='grc' dir='ltr'>τὸν</span> <span class='ocrx_word' id='word_1_159' title='bbox 1265 1320 1316 1362; x_wconf 91' lang='grc' dir='ltr'>Φ.</span> <span class='ocrx_word' id='word_1_160' title='bbox 1348 1319 1478 1363; x_wconf 77' lang='grc' dir='ltr'>ἐλθεῖν</span> <span class='ocrx_word' id='word_1_161' title='bbox 1507 1322 1605 1376; x_wconf 85' lang='grc' dir='ltr'>πρὸς</span> <span class='ocrx_word' id='word_1_162' title='bbox 1635 1318 1754 1377; x_wconf 86' lang='grc' dir='ltr'>ἡμᾶς,</span> <span class='ocrx_word' id='word_1_163' title='bbox 1785 1317 1902 1376; x_wconf 71' lang='grc' dir='ltr'>οὗπερ</span> <span class='ocrx_word' id='word_1_164' title='bbox 1931 1318 2046 1362; x_wconf 74' lang='grc' dir='ltr'>ἕνεκα</span> 
     </span>
     <span class='ocr_line' id='line_1_17' title="bbox 357 1388 2046 1446; baseline 0.002 -16"><span class='ocrx_word' id='word_1_165' title='bbox 357 1393 426 1437; x_wconf 89' lang='grc' dir='ltr'>τάς</span> <span class='ocrx_word' id='word_1_166' title='bbox 455 1390 587 1437; x_wconf 85' lang='grc' dir='ltr'>πόλεις</span> <span class='ocrx_word' id='word_1_167' title='bbox 617 1388 719 1432; x_wconf 82' lang='grc' dir='ltr'>οὖτοι</span> <span class='ocrx_word' id='word_1_168' title='bbox 750 1394 978 1446; x_wconf 78' lang='grc' dir='ltr'>συνέκρουον</span> <span class='ocrx_word' id='word_1_169' title='bbox 1006 1424 1014 1433; x_wconf 90' lang='grc'><strong>.</strong></span> <span class='ocrx_word' id='word_1_170' title='bbox 1038 1424 1046 1432; x_wconf 90' lang='grc'><strong>.</strong></span> <span class='ocrx_word' id='word_1_171' title='bbox 1079 1397 1100 1443; x_wconf 67' lang='grc' dir='ltr'><strong>ἓ</strong></span> <span class='ocrx_word' id='word_1_172' title='bbox 1137 1397 1216 1435; x_wconf 90' lang='grc'>168</span> <span class='ocrx_word' id='word_1_173' title='bbox 1256 1417 1300 1422; x_wconf 88' lang='lat'>-</span> <span class='ocrx_word' id='word_1_174' title='bbox 1338 1409 1431 1435; x_wconf 89' lang='lat' dir='ltr'>nam</span> <span class='ocrx_word' id='word_1_175' title='bbox 1461 1397 1482 1443; x_wconf 69' lang='grc' dir='ltr'><strong>ἓ</strong></span> <span class='ocrx_word' id='word_1_176' title='bbox 1517 1396 1744 1436; x_wconf 85' lang='grc'>164-167</span> <span class='ocrx_word' id='word_1_177' title='bbox 1778 1394 2046 1446; x_wconf 87' lang='lat' dir='ltr'>compluribus</span> 
     </span>
     <span class='ocr_line' id='line_1_18' title="bbox 359 1459 2048 1517; baseline 0 -15"><span class='ocrx_word' id='word_1_178' title='bbox 359 1464 503 1515; x_wconf 89' lang='lat' dir='ltr'>spuriis</span> <span class='ocrx_word' id='word_1_179' title='bbox 527 1465 741 1515; x_wconf 88' lang='lat' dir='ltr'>plebiscitis</span> <span class='ocrx_word' id='word_1_180' title='bbox 763 1466 969 1516; x_wconf 85' lang='lat' dir='ltr'>explentur</span> <span class='ocrx_word' id='word_1_181' title='bbox 997 1487 1042 1492; x_wconf 95' lang='lat'>—</span> <span class='ocrx_word' id='word_1_182' title='bbox 1075 1466 1131 1504; x_wconf 91' lang='lat' dir='ltr'>sic</span> <span class='ocrx_word' id='word_1_183' title='bbox 1149 1466 1291 1517; x_wconf 83' lang='lat' dir='ltr'>pergit:</span> <span class='ocrx_word' id='word_1_184' title='bbox 1315 1460 1413 1503; x_wconf 76' lang='grc' dir='ltr'>οὕτω</span> <span class='ocrx_word' id='word_1_185' title='bbox 1434 1462 1585 1509; x_wconf 79' lang='grc' dir='ltr'>διαθεὶς</span> <span class='ocrx_word' id='word_1_186' title='bbox 1607 1459 1697 1503; x_wconf 85' lang='grc' dir='ltr'>ὁΦ.</span> <span class='ocrx_word' id='word_1_187' title='bbox 1712 1463 1781 1508; x_wconf 86' lang='grc' dir='ltr'>τὰς</span> <span class='ocrx_word' id='word_1_188' title='bbox 1801 1461 1932 1509; x_wconf 84' lang='grc' dir='ltr'>πόλεις</span> <span class='ocrx_word' id='word_1_189' title='bbox 1951 1462 2048 1517; x_wconf 81' lang='grc' dir='ltr'>πρὸς</span> 
     </span>
     <span class='ocr_line' id='line_1_19' title="bbox 358 1530 2048 1590; baseline 0.002 -19"><span class='ocrx_word' id='word_1_190' title='bbox 358 1530 540 1588; x_wconf 84' lang='grc' dir='ltr'>ἀλλήλας</span> <span class='ocrx_word' id='word_1_191' title='bbox 569 1530 632 1572; x_wconf 86' lang='grc' dir='ltr'>διὰ</span> <span class='ocrx_word' id='word_1_192' title='bbox 653 1533 793 1574; x_wconf 73' lang='grc' dir='ltr'>τουτων</span> <span class='ocrx_word' id='word_1_193' title='bbox 814 1546 851 1573; x_wconf 89' lang='grc' dir='ltr'>κ.</span> <span class='ocrx_word' id='word_1_194' title='bbox 873 1534 1016 1580; x_wconf 81' lang='grc' dir='ltr'>τοὺτοις</span> <span class='ocrx_word' id='word_1_195' title='bbox 1037 1531 1093 1574; x_wconf 79' lang='grc' dir='ltr'>ὲπ</span> <span class='ocrx_word' id='word_1_196' title='bbox 1105 1548 1131 1574; x_wconf 92' lang='grc' dir='ltr'>α</span> <span class='ocrx_word' id='word_1_197' title='bbox 1143 1534 1288 1588; x_wconf 85' lang='grc' dir='ltr'>ρθεὶς</span> <span class='ocrx_word' id='word_1_198' title='bbox 1308 1539 1385 1580; x_wconf 84' lang='grc' dir='ltr'>τοῖς</span> <span class='ocrx_word' id='word_1_199' title='bbox 1406 1535 1622 1590; x_wconf 78' lang='grc' dir='ltr'>ψηφίσμασι</span> <span class='ocrx_word' id='word_1_200' title='bbox 1641 1546 1679 1573; x_wconf 88' lang='grc' dir='ltr'>κ.</span> <span class='ocrx_word' id='word_1_201' title='bbox 1699 1537 1782 1579; x_wconf 88' lang='grc' dir='ltr'>ταῖς</span> <span class='ocrx_word' id='word_1_202' title='bbox 1802 1530 2048 1588; x_wconf 68' lang='grc' dir='ltr'>ἀποκρίσεσιν</span> 
     </span>
     <span class='ocr_line' id='line_1_20' title="bbox 358 1600 2047 1660; baseline 0.001 -18"><span class='ocrx_word' id='word_1_203' title='bbox 358 1600 453 1658; x_wconf 82' lang='grc' dir='ltr'>ἧκεν</span> <span class='ocrx_word' id='word_1_204' title='bbox 483 1601 586 1658; x_wconf 81' lang='grc' dir='ltr'>ἔχων</span> <span class='ocrx_word' id='word_1_205' title='bbox 617 1605 684 1659; x_wconf 82' lang='grc' dir='ltr'>τὴν</span> <span class='ocrx_word' id='word_1_206' title='bbox 716 1603 872 1659; x_wconf 77' lang='grc' dir='ltr'>δυναμιν</span> <span class='ocrx_word' id='word_1_207' title='bbox 893 1617 929 1644; x_wconf 91' lang='grc' dir='ltr'>κ.</span> <span class='ocrx_word' id='word_1_208' title='bbox 951 1606 1018 1660; x_wconf 83' lang='grc' dir='ltr'>τὴν</span> <span class='ocrx_word' id='word_1_209' title='bbox 1038 1602 1238 1645; x_wconf 79' lang='grc' dir='ltr'>Ἐλάτειαν</span> <span class='ocrx_word' id='word_1_210' title='bbox 1257 1603 1483 1658; x_wconf 76' lang='grc' dir='ltr'>κατέλαβεν,</span> <span class='ocrx_word' id='word_1_211' title='bbox 1514 1601 1568 1649; x_wconf 84' lang='grc' dir='ltr'>ὡς</span> <span class='ocrx_word' id='word_1_212' title='bbox 1598 1600 1676 1644; x_wconf 75' lang='grc' dir='ltr'>οὔδ’</span> <span class='ocrx_word' id='word_1_213' title='bbox 1706 1601 1752 1644; x_wconf 82' lang='grc' dir='ltr'>ἂν</span> <span class='ocrx_word' id='word_1_214' title='bbox 1783 1601 1820 1644; x_wconf 83' lang='grc' dir='ltr'>εἴ</span> <span class='ocrx_word' id='word_1_215' title='bbox 1843 1617 1878 1645; x_wconf 87' lang='grc' dir='ltr'>τι</span> <span class='ocrx_word' id='word_1_216' title='bbox 1905 1605 2047 1656; x_wconf 84' lang='grc' dir='ltr'>γένοιτο</span> 
     </span>
     <span class='ocr_line' id='line_1_21' title="bbox 357 1660 1606 1731; baseline 0.002 -18"><span class='ocrx_word' id='word_1_217' title='bbox 357 1671 409 1713; x_wconf 79' lang='grc' dir='ltr'>ἔτι</span> <span class='ocrx_word' id='word_1_218' title='bbox 439 1676 755 1728; x_wconf 84' lang='grc' dir='ltr'>συμπνευσάντων</span> <span class='ocrx_word' id='word_1_219' title='bbox 785 1672 831 1715; x_wconf 83' lang='grc' dir='ltr'>ἂν</span> <span class='ocrx_word' id='word_1_220' title='bbox 862 1672 972 1730; x_wconf 81' lang='grc' dir='ltr'>ἡμῶν</span> <span class='ocrx_word' id='word_1_221' title='bbox 1003 1688 1040 1715; x_wconf 94' lang='grc' dir='ltr'>κ.</span> <span class='ocrx_word' id='word_1_222' title='bbox 1073 1681 1145 1715; x_wconf 85' lang='grc' dir='ltr'>τῶν</span> <span class='ocrx_word' id='word_1_223' title='bbox 1176 1672 1370 1731; x_wconf 85' lang='grc' dir='ltr'>Θηβαίων.</span> <span class='ocrx_word' id='word_1_224' title='bbox 1380 1675 1409 1725; x_wconf 83' lang='lat'>¹)</span> <span class='ocrx_word' id='word_1_225' title='bbox 1600 1660 1606 1666; x_wconf 49' lang='grc'>’</span> 
     </span>
    </p>

    <p class='ocr_par' dir='ltr' id='par_1_3' title="bbox 500 1758 2044 1812">
     <span class='ocr_line' id='line_1_22' title="bbox 500 1758 2044 1812; baseline -0.001 -13"><span class='ocrx_word' id='word_1_226' title='bbox 500 1760 608 1807; x_wconf 85' lang='lat' dir='ltr'>Quae</span> <span class='ocrx_word' id='word_1_227' title='bbox 639 1761 776 1800; x_wconf 88' lang='lat' dir='ltr'>deinde</span> <span class='ocrx_word' id='word_1_228' title='bbox 808 1775 870 1812; x_wconf 89' lang='lat' dir='ltr'>ap.</span> <span class='ocrx_word' id='word_1_229' title='bbox 893 1762 994 1800; x_wconf 85' lang='lat' dir='ltr'>Plut.</span> <span class='ocrx_word' id='word_1_230' title='bbox 1028 1774 1059 1800; x_wconf 93' lang='lat' dir='ltr'>c.</span> <span class='ocrx_word' id='word_1_231' title='bbox 1087 1762 1137 1800; x_wconf 85' lang='lat'>18</span> <span class='ocrx_word' id='word_1_232' title='bbox 1163 1766 1388 1811; x_wconf 81' lang='lat' dir='ltr'>sequuntur,</span> <span class='ocrx_word' id='word_1_233' title='bbox 1422 1774 1468 1799; x_wconf 88' lang='lat' dir='ltr'>ex</span> <span class='ocrx_word' id='word_1_234' title='bbox 1501 1759 1567 1799; x_wconf 91' lang='lat' dir='ltr'>illo</span> <span class='ocrx_word' id='word_1_235' title='bbox 1599 1758 1914 1810; x_wconf 84' lang='lat' dir='ltr'>praeclarissimo</span> <span class='ocrx_word' id='word_1_236' title='bbox 1945 1759 2044 1807; x_wconf 89' lang='lat' dir='ltr'>loco,</span> 
     </span>
    </p>
   </div>
   <div class='ocr_carea' id='block_1_3' title="bbox 358 1809 2047 1954">
    <p class='ocr_par' dir='ltr' id='par_1_4' title="bbox 358 1809 2047 1954">
     <span class='ocr_line' id='line_1_23' title="bbox 358 1809 2047 1882; baseline 0 -13"><span class='ocrx_word' id='word_1_237' title='bbox 358 1830 467 1869; x_wconf 90' lang='lat' dir='ltr'>Dem.</span> <span class='ocrx_word' id='word_1_238' title='bbox 495 1831 560 1878; x_wconf 89' lang='lat'>18,</span> <span class='ocrx_word' id='word_1_239' title='bbox 598 1809 677 1871; x_wconf 67' lang='grc'>168</span> <span class='ocrx_word' id='word_1_240' title='bbox 709 1846 808 1882; x_wconf 63' lang='lat' dir='ltr'>sqq„</span> <span class='ocrx_word' id='word_1_241' title='bbox 840 1833 983 1871; x_wconf 88' lang='lat' dir='ltr'>hausta</span> <span class='ocrx_word' id='word_1_242' title='bbox 1015 1837 1126 1879; x_wconf 83' lang='lat' dir='ltr'>sunt3</span> <span class='ocrx_word' id='word_1_243' title='bbox 1168 1845 1261 1871; x_wconf 86' lang='lat' dir='ltr'>nam</span> <span class='ocrx_word' id='word_1_244' title='bbox 1293 1831 1412 1870; x_wconf 86' lang='lat' dir='ltr'>series</span> <span class='ocrx_word' id='word_1_245' title='bbox 1443 1844 1574 1870; x_wconf 80' lang='lat' dir='ltr'>rerum</span> <span class='ocrx_word' id='word_1_246' title='bbox 1605 1831 1740 1871; x_wconf 87' lang='lat' dir='ltr'>eadem</span> <span class='ocrx_word' id='word_1_247' title='bbox 1771 1835 1831 1870; x_wconf 90' lang='lat' dir='ltr'>est</span> <span class='ocrx_word' id='word_1_248' title='bbox 1861 1834 1899 1870; x_wconf 85' lang='lat' dir='ltr'>et</span> <span class='ocrx_word' id='word_1_249' title='bbox 1929 1842 2047 1882; x_wconf 87' lang='lat' dir='ltr'>saepe</span> 
     </span>
     <span class='ocr_line' id='line_1_24' title="bbox 359 1902 1213 1954; baseline 0.002 -14"><span class='ocrx_word' id='word_1_250' title='bbox 359 1902 495 1940; x_wconf 88' lang='lat' dir='ltr'>eadem</span> <span class='ocrx_word' id='word_1_251' title='bbox 527 1907 593 1940; x_wconf 85' lang='lat' dir='ltr'>aut</span> <span class='ocrx_word' id='word_1_252' title='bbox 626 1902 826 1941; x_wconf 87' lang='lat' dir='ltr'>simillima</span> <span class='ocrx_word' id='word_1_253' title='bbox 857 1904 974 1942; x_wconf 88' lang='lat' dir='ltr'>verba</span> <span class='ocrx_word' id='word_1_254' title='bbox 1004 1908 1213 1954; x_wconf 85' lang='lat' dir='ltr'>apparent:</span> 
     </span>
    </p>
   </div>
   <div class='ocr_carea' id='block_1_4' title="bbox 647 1985 1897 2032">
    <p class='ocr_par' dir='ltr' id='par_1_5' title="bbox 647 1985 1897 2032">
     <span class='ocr_line' id='line_1_25' title="bbox 647 1985 1897 2032; baseline 0.001 -9"><span class='ocrx_word' id='word_1_255' title='bbox 647 1985 748 2026; x_wconf 90' lang='lat' dir='ltr'>Plut.</span> <span class='ocrx_word' id='word_1_256' title='bbox 783 1998 816 2026; x_wconf 90' lang='lat' dir='ltr'>c.</span> <span class='ocrx_word' id='word_1_257' title='bbox 853 1987 923 2025; x_wconf 88' lang='lat'>18:</span> <span class='ocrx_word' id='word_1_258' title='bbox 1390 1985 1501 2026; x_wconf 88' lang='lat' dir='ltr'>Dem.</span> <span class='ocrx_word' id='word_1_259' title='bbox 1538 1986 1603 2032; x_wconf 85' lang='lat'>18,</span> <span class='ocrx_word' id='word_1_260' title='bbox 1641 1985 1897 2024; x_wconf 82' lang='lat'>168—179:</span> 
     </span>
    </p>
   </div>
   <div class='ocr_carea' id='block_1_5' title="bbox 423 2060 2047 2327">
    <p class='ocr_par' dir='ltr' id='par_1_6' title="bbox 423 2060 2047 2327">
     <span class='ocr_line' id='line_1_26' title="bbox 423 2060 2047 2121; baseline -0.002 -15"><span class='ocrx_word' id='word_1_261' title='bbox 423 2068 460 2106; x_wconf 92' lang='lat'>1.</span> <span class='ocrx_word' id='word_1_262' title='bbox 491 2060 835 2119; x_wconf 79' lang='grc' dir='ltr'>ἐκπεπληγμέτνων</span> <span class='ocrx_word' id='word_1_263' title='bbox 856 2071 928 2105; x_wconf 83' lang='grc' dir='ltr'>τῶν</span> <span class='ocrx_word' id='word_1_264' title='bbox 943 2061 1169 2121; x_wconf 80' lang='grc' dir='ltr'>Ἀθηναίων</span> <span class='ocrx_word' id='word_1_265' title='bbox 1300 2069 1336 2108; x_wconf 94' lang='grc'>1.</span> <span class='ocrx_word' id='word_1_266' title='bbox 1375 2063 1481 2105; x_wconf 81' lang='grc' dir='ltr'>ἀλλὰ</span> <span class='ocrx_word' id='word_1_267' title='bbox 1517 2066 1593 2120; x_wconf 85' lang='grc' dir='ltr'>μὴν</span> <span class='ocrx_word' id='word_1_268' title='bbox 1628 2066 1691 2105; x_wconf 90' lang='grc' dir='ltr'>τὸν</span> <span class='ocrx_word' id='word_1_269' title='bbox 1729 2066 1812 2105; x_wconf 87' lang='grc' dir='ltr'>τότε</span> <span class='ocrx_word' id='word_1_270' title='bbox 1850 2063 2047 2119; x_wconf 80' lang='grc' dir='ltr'>συμβάντα</span> 
     </span>
     <span class='ocr_line' id='line_1_27' title="bbox 1237 2131 2046 2190; baseline -0.002 -15"><span class='ocrx_word' id='word_1_271' title='bbox 1237 2133 1276 2175; x_wconf 79' lang='grc' dir='ltr'>ἐν</span> <span class='ocrx_word' id='word_1_272' title='bbox 1296 2141 1343 2190; x_wconf 79' lang='grc' dir='ltr'>τῇ</span> <span class='ocrx_word' id='word_1_273' title='bbox 1365 2135 1474 2175; x_wconf 86' lang='grc' dir='ltr'>πόλει</span> <span class='ocrx_word' id='word_1_274' title='bbox 1494 2135 1665 2189; x_wconf 82' lang='grc' dir='ltr'>θόρυβον</span> <span class='ocrx_word' id='word_1_275' title='bbox 1691 2133 1772 2175; x_wconf 81' lang='grc' dir='ltr'>ἰ’στε</span> <span class='ocrx_word' id='word_1_276' title='bbox 1788 2135 1856 2190; x_wconf 86' lang='grc' dir='ltr'>μὲν</span> <span class='ocrx_word' id='word_1_277' title='bbox 1882 2131 2046 2179; x_wconf 82' lang='grc' dir='ltr'>ἅπαντες</span> 
     </span>
     <span class='ocr_line' id='line_1_28' title="bbox 1241 2200 2045 2261; baseline -0.005 -13"><span class='ocrx_word' id='word_1_278' title='bbox 1241 2209 1358 2256; x_wconf 90' lang='grc'>(168)</span> <span class='ocrx_word' id='word_1_279' title='bbox 1395 2229 1444 2235; x_wconf 87' lang='grc'>-</span> <span class='ocrx_word' id='word_1_280' title='bbox 1487 2219 1525 2246; x_wconf 86' lang='grc' dir='ltr'>κ.</span> <span class='ocrx_word' id='word_1_281' title='bbox 1555 2206 1728 2260; x_wconf 75' lang='grc' dir='ltr'>θορυβου</span> <span class='ocrx_word' id='word_1_282' title='bbox 1758 2204 1913 2261; x_wconf 81' lang='grc' dir='ltr'>πλήρης</span> <span class='ocrx_word' id='word_1_283' title='bbox 1942 2201 1989 2260; x_wconf 83' lang='grc' dir='ltr'>ἧν</span> <span class='ocrx_word' id='word_1_284' title='bbox 2019 2200 2045 2259; x_wconf 84' lang='grc' dir='ltr'>ἡ</span> 
     </span>
     <span class='ocr_line' id='line_1_29' title="bbox 1235 2276 1512 2327; baseline 0.014 -11"><span class='ocrx_word' id='word_1_285' title='bbox 1235 2276 1347 2322; x_wconf 87' lang='grc' dir='ltr'>πόλις</span> <span class='ocrx_word' id='word_1_286' title='bbox 1379 2278 1512 2327; x_wconf 88' lang='grc'>(169).</span> 
     </span>
    </p>
   </div>
   <div class='ocr_carea' id='block_1_6' title="bbox 356 2353 2046 2692">
    <p class='ocr_par' dir='ltr' id='par_1_7' title="bbox 356 2353 2046 2625">
     <span class='ocr_line' id='line_1_30' title="bbox 419 2353 2045 2414; baseline -0.001 -16"><span class='ocrx_word' id='word_1_287' title='bbox 419 2362 457 2398; x_wconf 88' lang='grc'>2.</span> <span class='ocrx_word' id='word_1_288' title='bbox 474 2358 542 2397; x_wconf 82' lang='grc' dir='ltr'>καὶ</span> <span class='ocrx_word' id='word_1_289' title='bbox 553 2357 717 2414; x_wconf 82' lang='grc' dir='ltr'>μηδενὸς</span> <span class='ocrx_word' id='word_1_290' title='bbox 727 2358 943 2414; x_wconf 83' lang='grc' dir='ltr'>τολμῶντος</span> <span class='ocrx_word' id='word_1_291' title='bbox 953 2358 1167 2413; x_wconf 82' lang='grc' dir='ltr'>ἀναβαίνειν</span> <span class='ocrx_word' id='word_1_292' title='bbox 1297 2364 1333 2400; x_wconf 85' lang='grc'>2.</span> <span class='ocrx_word' id='word_1_293' title='bbox 1366 2360 1507 2412; x_wconf 77' lang='grc' dir='ltr'>παρῄει</span> <span class='ocrx_word' id='word_1_294' title='bbox 1537 2355 1661 2404; x_wconf 74' lang='grc' dir='ltr'>οὐδεὶς</span> <span class='ocrx_word' id='word_1_295' title='bbox 1694 2381 1745 2387; x_wconf 86' lang='grc'>-</span> <span class='ocrx_word' id='word_1_296' title='bbox 1785 2355 1949 2398; x_wconf 75' lang='grc' dir='ltr'>ἀνίστατ’</span> <span class='ocrx_word' id='word_1_297' title='bbox 1978 2353 2045 2398; x_wconf 74' lang='grc' dir='ltr'>οἰ)-</span> 
     </span>
     <span class='ocr_line' id='line_1_31' title="bbox 362 2424 2046 2486; baseline 0.004 -19"><span class='ocrx_word' id='word_1_298' title='bbox 362 2425 423 2468; x_wconf 81' lang='grc' dir='ltr'>ἐπὶ</span> <span class='ocrx_word' id='word_1_299' title='bbox 454 2429 495 2468; x_wconf 85' lang='grc' dir='ltr'>τὸ</span> <span class='ocrx_word' id='word_1_300' title='bbox 527 2429 636 2484; x_wconf 83' lang='grc' dir='ltr'>βῆμα</span> <span class='ocrx_word' id='word_1_301' title='bbox 667 2429 786 2485; x_wconf 82' lang='grc' dir='ltr'>μηδὲν</span> <span class='ocrx_word' id='word_1_302' title='bbox 816 2428 974 2484; x_wconf 78' lang='grc' dir='ltr'>ἔχοντος</span> <span class='ocrx_word' id='word_1_303' title='bbox 1000 2427 1054 2470; x_wconf 75' lang='grc' dir='ltr'>ὅτι</span> <span class='ocrx_word' id='word_1_304' title='bbox 1084 2431 1164 2486; x_wconf 81' lang='grc' dir='ltr'>χρὴ</span> <span class='ocrx_word' id='word_1_305' title='bbox 1234 2428 1311 2475; x_wconf 83' lang='grc' dir='ltr'>δεὶς</span> <span class='ocrx_word' id='word_1_306' title='bbox 1333 2432 1450 2479; x_wconf 89' lang='grc'>(170)</span> <span class='ocrx_word' id='word_1_307' title='bbox 1476 2452 1527 2458; x_wconf 95' lang='grc'>-</span> <span class='ocrx_word' id='word_1_308' title='bbox 1557 2426 1578 2469; x_wconf 85' lang='grc' dir='ltr'>ὁ</span> <span class='ocrx_word' id='word_1_309' title='bbox 1609 2431 1683 2483; x_wconf 76' lang='grc' dir='ltr'>γὰρ</span> <span class='ocrx_word' id='word_1_310' title='bbox 1714 2430 1769 2484; x_wconf 76' lang='grc' dir='ltr'>μὴ</span> <span class='ocrx_word' id='word_1_311' title='bbox 1801 2424 1903 2469; x_wconf 72' lang='grc' dir='ltr'>ταῦτ’</span> <span class='ocrx_word' id='word_1_312' title='bbox 1934 2424 2046 2473; x_wconf 72' lang='grc' dir='ltr'>εἰδὼς</span> 
     </span>
     <span class='ocr_line' id='line_1_32' title="bbox 357 2494 2046 2556; baseline 0 -19"><span class='ocrx_word' id='word_1_313' title='bbox 357 2497 492 2550; x_wconf 80' lang='grc' dir='ltr'>λέγειν,</span> <span class='ocrx_word' id='word_1_314' title='bbox 525 2496 614 2538; x_wconf 71' lang='grc' dir='ltr'>ἀλλ’</span> <span class='ocrx_word' id='word_1_315' title='bbox 644 2497 809 2554; x_wconf 81' lang='grc' dir='ltr'>ἀπορίας</span> <span class='ocrx_word' id='word_1_316' title='bbox 840 2498 960 2556; x_wconf 70' lang='grc' dir='ltr'>οὔσης</span> <span class='ocrx_word' id='word_1_317' title='bbox 989 2498 1028 2541; x_wconf 77' lang='grc' dir='ltr'>ἐν</span> <span class='ocrx_word' id='word_1_318' title='bbox 1058 2503 1165 2555; x_wconf 82' lang='grc' dir='ltr'>μέσῳ</span> <span class='ocrx_word' id='word_1_319' title='bbox 1238 2523 1288 2528; x_wconf 88' lang='lat'>—-</span> <span class='ocrx_word' id='word_1_320' title='bbox 1302 2495 1409 2539; x_wconf 66' lang='grc' dir='ltr'>οὐδὲν</span> <span class='ocrx_word' id='word_1_321' title='bbox 1420 2499 1570 2554; x_wconf 81' lang='grc' dir='ltr'>μᾶλλον</span> <span class='ocrx_word' id='word_1_322' title='bbox 1585 2498 1746 2554; x_wconf 80' lang='grc' dir='ltr'>ἔμελλεν</span> <span class='ocrx_word' id='word_1_323' title='bbox 1762 2497 1817 2540; x_wconf 76' lang='grc' dir='ltr'>ὅτι</span> <span class='ocrx_word' id='word_1_324' title='bbox 1831 2494 1911 2554; x_wconf 84' lang='grc' dir='ltr'>χρὴ</span> <span class='ocrx_word' id='word_1_325' title='bbox 1929 2503 2046 2539; x_wconf 83' lang='grc' dir='ltr'>ποιεῖν</span> 
     </span>
     <span class='ocr_line' id='line_1_33' title="bbox 356 2567 2045 2625; baseline -0.001 -17"><span class='ocrx_word' id='word_1_326' title='bbox 356 2581 394 2608; x_wconf 89' lang='grc' dir='ltr'>κ.</span> <span class='ocrx_word' id='word_1_327' title='bbox 425 2575 584 2625; x_wconf 85' lang='grc' dir='ltr'>σιωπῆς,</span> <span class='ocrx_word' id='word_1_328' title='bbox 1235 2568 1412 2610; x_wconf 79' lang='grc' dir='ltr'>εἴσεσθαι</span> <span class='ocrx_word' id='word_1_329' title='bbox 1442 2567 1522 2610; x_wconf 66' lang='grc' dir='ltr'>οὐδ’</span> <span class='ocrx_word' id='word_1_330' title='bbox 1551 2567 1636 2625; x_wconf 74' lang='grc' dir='ltr'>ὑμῖν</span> <span class='ocrx_word' id='word_1_331' title='bbox 1666 2568 1758 2617; x_wconf 76' lang='grc' dir='ltr'>ἕξειν</span> <span class='ocrx_word' id='word_1_332' title='bbox 1778 2568 2045 2624; x_wconf 75' lang='grc' dir='ltr'>συμβουλευειν</span> 
     </span>
    </p>

    <p class='ocr_par' dir='ltr' id='par_1_8' title="bbox 1234 2642 1368 2692">
     <span class='ocr_line' id='line_1_34' title="bbox 1234 2642 1368 2692; baseline -0.015 -8"><span class='ocrx_word' id='word_1_333' title='bbox 1234 2642 1368 2692; x_wconf 86' lang='grc'>(172).</span> 
     </span>
    </p>
   </div>
   <div class='ocr_carea' id='block_1_7' title="bbox 360 2735 640 2740">
    <p class='ocr_par' dir='ltr' id='par_1_9' title="bbox 360 2735 640 2740">
     <span class='ocr_line' id='line_1_35' title="bbox 360 2735 640 2740; baseline 0 0"><span class='ocrx_word' id='word_1_334' title='bbox 360 2735 640 2740; x_wconf 95' lang='lat' dir='ltr'> </span> 
     </span>
    </p>
   </div>
   <div class='ocr_carea' id='block_1_8' title="bbox 354 2778 2046 3003">
    <p class='ocr_par' dir='ltr' id='par_1_10' title="bbox 354 2778 2046 3003">
     <span class='ocr_line' id='line_1_36' title="bbox 500 2778 2046 2824; baseline -0.001 -9"><span class='ocrx_word' id='word_1_335' title='bbox 500 2779 527 2823; x_wconf 86' lang='lat' dir='ltr'>l)</span> <span class='ocrx_word' id='word_1_336' title='bbox 562 2782 686 2815; x_wconf 89' lang='lat' dir='ltr'>eadem</span> <span class='ocrx_word' id='word_1_337' title='bbox 717 2781 856 2816; x_wconf 88' lang='lat' dir='ltr'>incuria</span> <span class='ocrx_word' id='word_1_338' title='bbox 888 2781 979 2816; x_wconf 88' lang='lat' dir='ltr'>Plut.</span> <span class='ocrx_word' id='word_1_339' title='bbox 1016 2782 1086 2816; x_wconf 90' lang='lat' dir='ltr'>hoc</span> <span class='ocrx_word' id='word_1_340' title='bbox 1119 2781 1198 2815; x_wconf 93' lang='lat' dir='ltr'>loco</span> <span class='ocrx_word' id='word_1_341' title='bbox 1230 2781 1339 2815; x_wconf 84' lang='lat' dir='ltr'>verba</span> <span class='ocrx_word' id='word_1_342' title='bbox 1362 2778 1536 2816; x_wconf 80' lang='grc' dir='ltr'>Ἐλάτειαν</span> <span class='ocrx_word' id='word_1_343' title='bbox 1561 2785 1595 2816; x_wconf 87' lang='lat' dir='ltr'>et</span> <span class='ocrx_word' id='word_1_344' title='bbox 1620 2779 1760 2814; x_wconf 85' lang='grc' dir='ltr'>Φωκίδα</span> <span class='ocrx_word' id='word_1_345' title='bbox 1783 2778 2046 2824; x_wconf 83' lang='lat' dir='ltr'>transposuisse</span> 
     </span>
     <span class='ocr_line' id='line_1_37' title="bbox 356 2831 2045 2885; baseline 0 -14"><span class='ocrx_word' id='word_1_346' title='bbox 356 2837 515 2881; x_wconf 83' lang='lat' dir='ltr'>videtur;</span> <span class='ocrx_word' id='word_1_347' title='bbox 541 2851 626 2874; x_wconf 90' lang='lat' dir='ltr'>nam</span> <span class='ocrx_word' id='word_1_348' title='bbox 644 2841 743 2875; x_wconf 88' lang='lat' dir='ltr'>Dem.</span> <span class='ocrx_word' id='word_1_349' title='bbox 766 2840 818 2882; x_wconf 88' lang='grc'>18,</span> <span class='ocrx_word' id='word_1_350' title='bbox 848 2840 925 2882; x_wconf 85' lang='grc'>153,</span> <span class='ocrx_word' id='word_1_351' title='bbox 954 2840 1032 2885; x_wconf 82' lang='lat'><strong>168,</strong></span> <span class='ocrx_word' id='word_1_352' title='bbox 1061 2840 1136 2881; x_wconf 89' lang='grc'>169,</span> <span class='ocrx_word' id='word_1_353' title='bbox 1167 2839 1233 2874; x_wconf 90' lang='grc'>175</span> <span class='ocrx_word' id='word_1_354' title='bbox 1258 2843 1352 2873; x_wconf 78' lang='lat' dir='ltr'>reete</span> <span class='ocrx_word' id='word_1_355' title='bbox 1379 2840 1421 2874; x_wconf 92' lang='lat' dir='ltr'>de</span> <span class='ocrx_word' id='word_1_356' title='bbox 1446 2840 1589 2874; x_wconf 85' lang='lat' dir='ltr'>Elateae</span> <span class='ocrx_word' id='word_1_357' title='bbox 1614 2838 1846 2884; x_wconf 83' lang='lat' dir='ltr'>occupatione</span> <span class='ocrx_word' id='word_1_358' title='bbox 1872 2831 2045 2872; x_wconf 82' lang='lat' dir='ltr'>vocabulo</span> 
     </span>
     <span class='ocr_line' id='line_1_38' title="bbox 354 2893 2046 2945; baseline 0.002 -17"><span class='ocrx_word' id='word_1_359' title='bbox 354 2895 519 2942; x_wconf 74' lang='grc' dir='ltr'>κατέλαβε</span> <span class='ocrx_word' id='word_1_360' title='bbox 544 2898 651 2943; x_wconf 86' lang='lat' dir='ltr'>(quod</span> <span class='ocrx_word' id='word_1_361' title='bbox 679 2902 732 2933; x_wconf 86' lang='lat' dir='ltr'>est</span> <span class='ocrx_word' id='word_1_362' title='bbox 756 2899 909 2944; x_wconf 75' lang='grc' dir='ltr'>κατέσχε)</span> <span class='ocrx_word' id='word_1_363' title='bbox 933 2898 1062 2939; x_wconf 85' lang='lat' dir='ltr'>utitur;</span> <span class='ocrx_word' id='word_1_364' title='bbox 1090 2898 1209 2942; x_wconf 85' lang='lat' dir='ltr'>itaque</span> <span class='ocrx_word' id='word_1_365' title='bbox 1235 2899 1386 2933; x_wconf 80' lang='lat' dir='ltr'>fortasse</span> <span class='ocrx_word' id='word_1_366' title='bbox 1412 2898 1639 2933; x_wconf 85' lang='lat' dir='ltr'>scribendum</span> <span class='ocrx_word' id='word_1_367' title='bbox 1663 2901 1732 2937; x_wconf 68' lang='grc' dir='ltr'>θεῖς</span> <span class='ocrx_word' id='word_1_368' title='bbox 1758 2896 1806 2942; x_wconf 78' lang='grc' dir='ltr'>εἷς</span> <span class='ocrx_word' id='word_1_369' title='bbox 1830 2895 1891 2945; x_wconf 81' lang='grc' dir='ltr'>τὴν</span> <span class='ocrx_word' id='word_1_370' title='bbox 1905 2893 2046 2932; x_wconf 66' lang='grc' dir='ltr'>Φωκίδα</span> 
     </span>
     <span class='ocr_line' id='line_1_39' title="bbox 356 2954 1189 3003; baseline 0.004 -15"><span class='ocrx_word' id='word_1_371' title='bbox 356 2954 513 3002; x_wconf 59' lang='grc' dir='ltr'>&gt;εξοιίφψης</span> <span class='ocrx_word' id='word_1_372' title='bbox 539 2957 663 2990; x_wconf 74' lang='grc' dir='ltr'>ἐνέπεσε</span> <span class='ocrx_word' id='word_1_373' title='bbox 689 2970 719 2992; x_wconf 90' lang='grc' dir='ltr'>κ.</span> <span class='ocrx_word' id='word_1_374' title='bbox 744 2957 804 3003; x_wconf 75' lang='grc' dir='ltr'>τὴν</span> <span class='ocrx_word' id='word_1_375' title='bbox 827 2955 1001 2991; x_wconf 78' lang='grc' dir='ltr'>Ἐλάτειαν</span> <span class='ocrx_word' id='word_1_376' title='bbox 1024 2957 1189 3003; x_wconf 75' lang='grc' dir='ltr'>κατέσχεν.</span> 
     </span>
    </p>
   </div>
  </div>
 </body>
</html>
