2138 3386
805 227 1094 302 *15-

91 370 244 429 quibus
269 379 342 418 ab·
364 377 777 430 musaque-maxime«
797 379 1029 429 continetur,
1071 391 1192 431 quarn
1221 383 1272 419 ut·
1297 375 1479 430 scriptori
1510 375 1636 418 alicui-
1661 391 1703 418 se
1734 376 1798 418 ad-

8 507 10 510 v
76 448 391 502 ,mnerita‘quis
411 449 666 501 potissimum
696 450 835 501 puerili
866 450 1133 490 oblectationi*
1149 450 1302 490 serviat.

235 518 448 572 Reliquum
479 526 550 571 est,
582 526 626 561 ut
653 521 809 572 singula
830 523 1024 574 quaedam
1045 522 1330 562 examinemus.
1375 521 1493 561 Duris
1514 521 1680 572 diligens
1702 526 1797 561 tem—

87 602 239 645 potum
263 591 362 641 fuit3
383 591 460 632 =ubi
491 593 570 634 tale
601 593 777 642 studium
807 593 848 635 in
878 594 989 634 Dem.
1022 593 1131 635 vita?
1154 622 1158 626 -

86 680 202 726 „373
227 662 384 715 ,Deinde
410 664 665 724 temerarium
695 670 756 709 est
775 664 1002 709 existimare
1023 677 1139 706 voces
1160 659 1479 717 ἀριστοκρατικὸν
1500 669 1538 704 et
1558 659 1798 708 δυναστεὺων

93 732 280 791 Qidis,
319 731 386 787 qui
417 735 504 788 ipse
529 736 792 786 ⁴dominationi
823 737 1074 788 praepositus
1104 736 1222 777 fuerit
1251 741 1290 777 et
1319 735 1571 788 optimatium
1602 735 1797 787 imprimis

92 818 214 859 opera
244 807 294 847 ad
325 820 414 848 eam
444 812 680 858 potestatem
711 813 867 847 evectus
899 808 962 856 sit,
997 821 1090 859 prae
1122 821 1165 847 se
1196 808 1296 848 ferre
1326 807 1501 858 vestigia.
1554 807 1637 847 Nos
1670 808 1796 848 fontes

93 871 187 923 ‘tam
203 877 328 929 mirae
342 878 543 919 Plutarchi
557 873 765 931 opinionis’
780 880 1013 928 deteximus,
1035 885 1079 920 ut
1093 880 1194 920 infra
1209 879 1452 929 docebimus,
1476 880 1579 919 unde
1595 878 1798 929 Roesigeri

92 934 308 1015 opinio'ad'
338 949 507 1008 nihilum
537 951 694 991 recidet.

233 1021 357 1062 Porro
378 1034 530 1071 omnes,
563 1022 706 1074 quibus
727 1023 846 1063 Duris
866 1023 1105 1071 nominatur,
1138 1023 1216 1063 loci
1249 1023 1298 1072 (c.
1321 1019 1378 1063 ’19
1401 1027 1474 1063 etc.
1502 1022 1574 1071 23)
1607 1022 1662 1062 ita
1693 1035 1798 1062 com-

83 1091 220 1167 parati
249 1098 354 1143 sunt,
385 1098 430 1133 ut
461 1094 635 1146 suspicio
667 1099 869 1135 moveatur
900 1095 1158 1134 Plutarchum
1179 1095 1365 1134 Duridem
1396 1080 1566 1134 fort-asse
1592 1107 1641 1133 ne
1673 1093 1798 1133 obiter

84 1157 269 1225 'qt'iitienl⁴
290 1158 344 1205 ad'
378 1164 483 1206 hanc
522 1165 642 1206 vitam
685 1166 945 1207 consuluisse.
1007 1166 1187 1206 Alterum
1221 1166 1325 1206 enim
1363 1167 1495 1205 locum
1528 1179 1575 1206 ex
1606 1165 1798 1204 memoria

91 1227 472 1294 fflflidssse'.videtur,
506 1238 629 1277 altero
654 1237 841 1278 Duridem
873 1251 964 1277 cum
985 1237 1192 1278 Idomeneo
1225 1238 1480 1278 coniunctum
1502 1239 1631 1286 affert3
1664 1250 1796 1277 nonne

89 1295 181 1348 inde
210 1295 527 1348 et'Ido‘meneum
560 1322 652 1349 eum
682 1308 910 1349 adhibuisse
940 1310 1073 1359 videri,
1107 1310 1173 1361 qui
1205 1323 1285 1350 non
1316 1323 1474 1350 omnem
1506 1310 1699 1349 rationem
1731 1310 1796 1348 ab·

89 1379 244 1428 iecerit,
283 1380 468 1431 colliget?
529 1379 581 1420 At
620 1394 670 1420 ne
704 1381 914 1421 minimam
945 1381 1104 1433 quidem
1137 1382 1406 1434 suspicionem
1437 1381 1501 1421 hic
1533 1382 1644 1421 locus
1676 1368 1798 1420 movit

88 1450 320 1502 Roesigero!

188 1543 210 1555 ·-
229 1523 408 1575 Denique
427 1524 583 1564 nullum
601 1524 874 1564 testimonium
894 1526 954 1564 vel
975 1525 1165 1564 indicium
1195 1525 1324 1565 inveni
1352 1524 1540 1564 Duridem
1566 1529 1649 1564 tam
1680 1524 1796 1574 longe

83 1595 315 1647 digressum
334 1607 424 1635 esse
444 1599 482 1635 et
496 1599 586 1635 :tam
607 1601 789 1636 accurate
809 1597 858 1636 de
874 1597 1140 1636 Demosthene
1160 1597 1406 1648 exposuisse,
1430 1601 1474 1635 ut
1494 1597 1587 1636 huic
1603 1596 1796 1635 maiorem

83 1679 193 1708 snae·-
214 1666 402 1708 historiae
433 1671 587 1718 par-tem
617 1667 778 1708 dicaret.

158 1745 186 1752 ”’
229 1738 432 1787 Ceterum,
470 1751 563 1790 «quo
587 1738 789 1789 Roesigeri
820 1739 1091 1779 inconstantia
1121 1744 1290 1788 notetur,
1323 1740 1399 1779 hoc
1431 1752 1587 1790 quoque
1619 1738 1794 1778 animad-

78 1814 276 1853 «vei-mm..
308 1809 508 1859 Quicum
528 1810 569 1850 in
589 1811 677 1850 aliis
698 1811 788 1851 vitis
812 1824 968 1851 summo
1000 1824 1119 1862 opere
1147 1812 1359 1851 contendat
1379 1810 1570 1850 Duridem
1590 1810 1795 1850 Plutarchi

85 1883 235 1923 fontem
254 1882 489 1934 primariam
509 1895 656 1933 magna
675 1896 723 1922 ex
745 1888 856 1934 parte
877 1883 1011 1932 fuisse,
1045 1883 1139 1922 dicit
1158 1896 1197 1934 p.
1221 1885 1276 1924 52
1299 1883 1366 1931 (ad
1388 1882 1560 1933 aliquem
1581 1882 1792 1924 Moralium

84 1953 412 2007 Plutareheorum
426 1954 594 2003 locum):
613 1948 794 1996 ‘fortasse
811 1955 841 1995 C
852 1956 864 1995 l
875 1955 911 1994 it
925 1955 1128 1995 archum
1143 1955 1349 1995 etDuridis
1366 1960 1404 1994 et
1413 1954 1633 1995 Aristobuli
1647 1967 1792 1993 nomen

83 2025 296 2077 Phataxdm
318 2020 617 2079 suppeditasse’,
651 2026 786 2066 iurans
808 2027 849 2066 in
868 2028 988 2066 verba
1008 2040 1160 2076 eorum,
1191 2027 1266 2077 quiv
1284 2026 1394 2067 illam
1424 2025 1791 2075 commodissimam

83 2084 281 2150 talionem
293 2098 506 2145 commenti
522 2103 627 2148 sunt,
646 2111 714 2138 eos
731 2099 984 2150 potissimum
1000 2103 1214 2150 usurpatos
1231 2110 1321 2138 esse
1338 2097 1562 2148 scriptores,
1581 2097 1647 2148 qui
1664 2102 1790 2150 aetate

79 2169 272 2223 postremi
303 2169 483 2212 omnium
511 2175 668 2213 essent..
706 2169 785 2210 Cur
806 2170 977 2222 exempli
998 2183 1120 2210 causa
1140 2183 1220 2216 non
1240 2169 1518 2220 phylarchum,
1541 2168 1654 2208 cuius
1675 2181 1709 2209 c.
1735 2171 1787 2210 27

80 2241 231 2293 mentio
261 2241 317 2291 fit,
348 2242 399 2283 ad
418 2241 696 2282 Demosthenis
727 2242 847 2282 vitam
868 2242 1168 2286 describendam
1189 2255 1213 2281 a
1233 2241 1445 2289 Plutarcho
1467 2253 1681 2291 excussum
1701 2254 1790 2281 esse

83 2300 268 2364 opinatus
300 2316 385 2353 est?
421 2313 487 2352 hic
517 2326 606 2352 vere
635 2313 862 2362 historicus,
895 2313 959 2352 hic
990 2314 1110 2353 etiam
1140 2313 1268 2363 magis
1302 2326 1463 2364 suppar,
1487 2312 1569 2352 -hic
1601 2312 1789 2353 Duridem

83 2383 289 2443 diligenter
319 2384 582 2436 exscripsisse
611 2385 775 2424 videtur.
839 2385 899 2434 (C.
932 2385 1072 2424 Miiller
1103 2386 1149 2425 fr.
1182 2385 1221 2424 h.
1251 2385 1317 2424 Gr.
1341 2385 1373 2423 ΙΙ
1406 2386 1488 2424 471
1522 2384 1789 2435 Phylarchum

84 2468 227 2506 suawex
241 2455 387 2496 Duride
410 2456 632 2508 sumpsisse
654 2456 847 2505 annotat).
895 2456 1147 2508 Quamquam
1167 2456 1350 2508 equidem
1370 2461 1459 2496 utor
1478 2455 1662 2495 Schoenii
1684 2456 1708 2495 l.
1732 2469 1785 2495 m.

83 2540 124 2581 p.
156 2529 210 2568 55
242 2527 292 2567 de
321 2526 533 2568 Alexandri
564 2528 664 2568 vitae
695 2529 953 2568 Plutarcheae
984 2528 1157 2568 fontibus
1189 2528 1307 2577 brevi,
1342 2529 1410 2568 sed
1442 2532 1485 2567 ut
1515 2527 1666 2567 videtur
1696 2540 1788 2567 vera

83 2587 439 2652 argumentatione:
456 2593 630 2640 ‘omnino
644 2614 724 2640 non
739 2601 941 2652 probabile
955 2613 1044 2640 esse
1058 2600 1315 2639 Plutarchum
1329 2600 1369 2639 in
1386 2599 1625 2650 scriptorum
1635 2600 1788 2639 delectu

85 2670 166 2711 sive
186 2683 282 2711 casu
304 2670 385 2710 sive
406 2671 570 2710 consilio
593 2685 635 2711 se
656 2672 758 2712 intra
778 2673 880 2712 hanc
903 2671 1079 2722 (Duridis
1112 2676 1149 2711 et
1179 2670 1285 2719 Istri)
1319 2676 1487 2711 aetatem
1518 2665 1785 2713 continuisse'.

224 2742 299 2782 Hic
310 2743 606 2782 subsistendum
614 2748 722 2794 puto,
731 2757 859 2795 neque
871 2744 1068 2795 deinceps,
1085 2744 1192 2791 dum,
1209 2743 1352 2794 quibus
1366 2743 1537 2794 quidque
1551 2727 1787 2782 Plutarchus

83 2813 234 2863 debeat,
267 2826 435 2866 expono,
468 2814 545 2854 nisi
575 2814 615 2853 in
636 2820 879 2860 transcursu,
902 2814 1143 2854 mentionem
1165 2814 1308 2853 faciam
1328 2811 1571 2866 reliquorum
1594 2827 1784 2872 errorum,

84 2884 228 2939 quibus
259 2885 324 2925 ffle
355 2886 466 2926 falsis
498 2885 717 2926 rationibus
748 2887 890 2927 ductus
922 2886 1148 2938 implicatus
1181 2891 1252 2926 est.
1289 2906 1341 2913 —
