<?xml version="1.0" encoding="UTF-8"?>
<!DOCTYPE html PUBLIC "-//W3C//DTD XHTML 1.0 Transitional//EN"
    "http://www.w3.org/TR/xhtml1/DTD/xhtml1-transitional.dtd">
<html xmlns="http://www.w3.org/1999/xhtml" xml:lang="en" lang="en">
 <head>
  <title>
</title>
<meta http-equiv="Content-Type" content="text/html;charset=utf-8" />
  <meta name='ocr-system' content='tesseract 3.04.00' />
  <meta name='ocr-capabilities' content='ocr_page ocr_carea ocr_par ocr_line ocrx_word'/>
</head>
<body>
  <div class='ocr_page' id='page_1' title='image "./deplutarchiindem00gebhuoft_0009.png"; bbox 0 0 2138 3386; ppageno 0'>
   <div class='ocr_carea' id='block_1_1' title="bbox 805 173 1063 220">
    <p class='ocr_par' dir='ltr' id='par_1_1' title="bbox 805 173 1063 220">
     <span class='ocr_line' id='line_1_1' title="bbox 805 173 1063 220; baseline 0 -12"><span class='ocrx_word' id='word_1_1' title='bbox 805 173 1063 220; x_wconf 67' lang='grc'><strong>,5.-</strong></span> 
     </span>
    </p>
   </div>
   <div class='ocr_carea' id='block_1_2' title="bbox 74 292 1796 2863">
    <p class='ocr_par' dir='ltr' id='par_1_2' title="bbox 88 292 1794 417">
     <span class='ocr_line' id='line_1_2' title="bbox 90 292 1794 352; baseline -0.002 -12"><span class='ocrx_word' id='word_1_2' title='bbox 90 298 236 340; x_wconf 75' lang='lat' dir='ltr'><strong>librum</strong></span> <span class='ocrx_word' id='word_1_3' title='bbox 253 292 364 352; x_wconf 79' lang='grc' dir='ltr'><strong>Ὦρα</strong></span> <span class='ocrx_word' id='word_1_4' title='bbox 382 292 542 352; x_wconf 77' lang='grc' dir='ltr'><strong>Σαμίων</strong></span> <span class='ocrx_word' id='word_1_5' title='bbox 571 297 807 351; x_wconf 88' lang='lat' dir='ltr'><strong>inscriptum</strong></span> <span class='ocrx_word' id='word_1_6' title='bbox 838 299 917 339; x_wconf 90' lang='lat' dir='ltr'><strong>illic</strong></span> <span class='ocrx_word' id='word_1_7' title='bbox 949 304 988 339; x_wconf 91' lang='lat' dir='ltr'><strong>et</strong></span> <span class='ocrx_word' id='word_1_8' title='bbox 1018 299 1151 351; x_wconf 91' lang='lat' dir='ltr'><strong>paullo</strong></span> <span class='ocrx_word' id='word_1_9' title='bbox 1183 303 1299 338; x_wconf 90' lang='lat' dir='ltr'><strong>antea</strong></span> <span class='ocrx_word' id='word_1_10' title='bbox 1330 310 1618 349; x_wconf 84' lang='lat' dir='ltr'><strong>nonnunquam</strong></span> <span class='ocrx_word' id='word_1_11' title='bbox 1650 296 1700 338; x_wconf 82' lang='lat' dir='ltr'><strong>ad</strong></span> <span class='ocrx_word' id='word_1_12' title='bbox 1731 309 1794 337; x_wconf 87' lang='lat' dir='ltr'><strong>res</strong></span> 
     </span>
     <span class='ocr_line' id='line_1_3' title="bbox 88 367 1276 417; baseline -0.003 -5"><span class='ocrx_word' id='word_1_13' title='bbox 88 370 255 412; x_wconf 61' lang='lat' dir='ltr'><strong>Samiae</strong></span> <span class='ocrx_word' id='word_1_14' title='bbox 273 370 552 411; x_wconf 73' lang='lat' dir='ltr'><strong>describendas</strong></span> <span class='ocrx_word' id='word_1_15' title='bbox 583 385 608 412; x_wconf 88' lang='lat' dir='ltr'><strong>a</strong></span> <span class='ocrx_word' id='word_1_16' title='bbox 637 370 849 411; x_wconf 82' lang='lat' dir='ltr'><strong>Plutarcho</strong></span> <span class='ocrx_word' id='word_1_17' title='bbox 880 383 1093 410; x_wconf 85' lang='lat' dir='ltr'><strong>excussum</strong></span> <span class='ocrx_word' id='word_1_18' title='bbox 1126 383 1227 410; x_wconf 90' lang='lat' dir='ltr'><strong>esse.</strong></span> <span class='ocrx_word' id='word_1_19' title='bbox 1243 367 1276 417; x_wconf 88' lang='lat'><strong>¹)</strong></span> 
     </span>
    </p>

    <p class='ocr_par' dir='ltr' id='par_1_3' title="bbox 79 440 1796 636">
     <span class='ocr_line' id='line_1_4' title="bbox 196 440 1796 492; baseline -0.003 -9"><span class='ocrx_word' id='word_1_20' title='bbox 196 473 198 475; x_wconf 89' lang='lat'>-</span> <span class='ocrx_word' id='word_1_21' title='bbox 231 441 402 483; x_wconf 76' lang='lat' dir='ltr'><strong>Tantum</strong></span> <span class='ocrx_word' id='word_1_22' title='bbox 435 442 554 492; x_wconf 83' lang='lat' dir='ltr'><strong>igitur</strong></span> <span class='ocrx_word' id='word_1_23' title='bbox 583 443 724 491; x_wconf 62' lang='lat' dir='ltr'><strong>abest,</strong></span> <span class='ocrx_word' id='word_1_24' title='bbox 750 447 794 482; x_wconf 92' lang='lat' dir='ltr'><strong>ut</strong></span> <span class='ocrx_word' id='word_1_25' title='bbox 824 442 928 483; x_wconf 89' lang='lat' dir='ltr'><strong>Plut.</strong></span> <span class='ocrx_word' id='word_1_26' title='bbox 962 440 1195 481; x_wconf 87' lang='lat' dir='ltr'><strong>calumniari</strong></span> <span class='ocrx_word' id='word_1_27' title='bbox 1227 441 1482 480; x_wconf 83' lang='lat' dir='ltr'>consuevisse</span> <span class='ocrx_word' id='word_1_28' title='bbox 1514 440 1710 489; x_wconf 88' lang='lat' dir='ltr'><strong>videatur,</strong></span> <span class='ocrx_word' id='word_1_29' title='bbox 1753 445 1796 480; x_wconf 91' lang='lat' dir='ltr'><strong>ut</strong></span> 
     </span>
     <span class='ocr_line' id='line_1_5' title="bbox 79 512 1794 566; baseline -0.002 -12"><span class='ocrx_word' id='word_1_30' title='bbox 79 518 278 566; x_wconf 34' lang='lat' dir='ltr'><strong>*appareat</strong></span> <span class='ocrx_word' id='word_1_31' title='bbox 306 525 403 561; x_wconf 87' lang='lat' dir='ltr'><strong>eum</strong></span> <span class='ocrx_word' id='word_1_32' title='bbox 427 513 505 554; x_wconf 91' lang='lat' dir='ltr'><strong>nisi</strong></span> <span class='ocrx_word' id='word_1_33' title='bbox 529 514 693 555; x_wconf 87' lang='lat' dir='ltr'><strong>diversis</strong></span> <span class='ocrx_word' id='word_1_34' title='bbox 719 514 893 554; x_wconf 78' lang='lat' dir='ltr'><strong>fontibus</strong></span> <span class='ocrx_word' id='word_1_35' title='bbox 916 512 1151 554; x_wconf 83' lang='lat' dir='ltr'><strong>examinatis</strong></span> <span class='ocrx_word' id='word_1_36' title='bbox 1174 512 1372 552; x_wconf 90' lang='lat' dir='ltr'><strong>neminem</strong></span> <span class='ocrx_word' id='word_1_37' title='bbox 1394 525 1570 563; x_wconf 89' lang='lat' dir='ltr'><strong>unquam</strong></span> <span class='ocrx_word' id='word_1_38' title='bbox 1593 517 1794 552; x_wconf 83' lang='lat' dir='ltr'>auctorem</span> 
     </span>
     <span class='ocr_line' id='line_1_6' title="bbox 84 585 386 636; baseline -0.007 -10"><span class='ocrx_word' id='word_1_39' title='bbox 84 585 318 636; x_wconf 76' lang='lat' dir='ltr'><strong>exagitasse.</strong></span> <span class='ocrx_word' id='word_1_40' title='bbox 383 611 386 614; x_wconf 85' lang='lat'>-</span> 
     </span>
    </p>

    <p class='ocr_par' dir='ltr' id='par_1_4' title="bbox 74 652 1795 1497">
     <span class='ocr_line' id='line_1_7' title="bbox 229 652 1795 710; baseline -0.001 -14"><span class='ocrx_word' id='word_1_41' title='bbox 229 656 487 708; x_wconf 78' lang='lat' dir='ltr'>Consequens</span> <span class='ocrx_word' id='word_1_42' title='bbox 519 661 591 706; x_wconf 89' lang='lat' dir='ltr'><strong>est,</strong></span> <span class='ocrx_word' id='word_1_43' title='bbox 623 662 667 696; x_wconf 90' lang='lat' dir='ltr'><strong>ut</strong></span> <span class='ocrx_word' id='word_1_44' title='bbox 698 657 796 708; x_wconf 87' lang='lat' dir='ltr'><strong>ipsis</strong></span> <span class='ocrx_word' id='word_1_45' title='bbox 828 657 956 697; x_wconf 90' lang='lat' dir='ltr'><strong>verbis</strong></span> <span class='ocrx_word' id='word_1_46' title='bbox 986 652 1133 710; x_wconf 75' lang='grc' dir='ltr'>κομιδῇ</span> <span class='ocrx_word' id='word_1_47' title='bbox 1165 652 1383 710; x_wconf 82' lang='grc' dir='ltr'>φλυαροῦσι</span> <span class='ocrx_word' id='word_1_48' title='bbox 1414 655 1465 704; x_wconf 90' lang='lat' dir='ltr'><strong>(c.</strong></span> <span class='ocrx_word' id='word_1_49' title='bbox 1503 655 1574 702; x_wconf 83' lang='lat'><strong>30)</strong></span> <span class='ocrx_word' id='word_1_50' title='bbox 1607 668 1795 706; x_wconf 81' lang='lat' dir='ltr'><strong>quaerere</strong></span> 
     </span>
     <span class='ocr_line' id='line_1_8' title="bbox 86 727 1795 779; baseline -0.001 -11"><span class='ocrx_word' id='word_1_51' title='bbox 86 727 304 776; x_wconf 81' lang='lat' dir='ltr'><strong>iubeamur,</strong></span> <span class='ocrx_word' id='word_1_52' title='bbox 337 728 482 779; x_wconf 82' lang='lat' dir='ltr'><strong>quibus</strong></span> <span class='ocrx_word' id='word_1_53' title='bbox 504 727 677 768; x_wconf 87' lang='lat' dir='ltr'><strong>fontibus</strong></span> <span class='ocrx_word' id='word_1_54' title='bbox 698 728 816 768; x_wconf 84' lang='lat' dir='ltr'><strong>nixus</strong></span> <span class='ocrx_word' id='word_1_55' title='bbox 838 732 920 768; x_wconf 89' lang='lat' dir='ltr'><strong>tam</strong></span> <span class='ocrx_word' id='word_1_56' title='bbox 943 728 1130 768; x_wconf 90' lang='lat' dir='ltr'><strong>acerbum</strong></span> <span class='ocrx_word' id='word_1_57' title='bbox 1159 729 1207 767; x_wconf 93' lang='lat' dir='ltr'><strong>de</strong></span> <span class='ocrx_word' id='word_1_58' title='bbox 1228 727 1426 768; x_wconf 85' lang='lat' dir='ltr'><strong>Demetrio</strong></span> <span class='ocrx_word' id='word_1_59' title='bbox 1448 727 1641 777; x_wconf 82' lang='lat' dir='ltr'><strong>Magnete,</strong></span> <span class='ocrx_word' id='word_1_60' title='bbox 1677 739 1795 778; x_wconf 91' lang='lat' dir='ltr'><strong>quem</strong></span> 
     </span>
     <span class='ocr_line' id='line_1_9' title="bbox 85 798 1795 851; baseline -0.001 -12"><span class='ocrx_word' id='word_1_61' title='bbox 85 798 362 851; x_wconf 85' lang='lat' dir='ltr'><strong>quidemillud</strong></span> <span class='ocrx_word' id='word_1_62' title='bbox 382 799 634 839; x_wconf 84' lang='lat' dir='ltr'><strong>contendisse</strong></span> <span class='ocrx_word' id='word_1_63' title='bbox 655 800 781 840; x_wconf 89' lang='lat' dir='ltr'><strong>elucet</strong></span> <span class='ocrx_word' id='word_1_64' title='bbox 797 813 845 839; x_wconf 85' lang='lat' dir='ltr'><strong>ex</strong></span> <span class='ocrx_word' id='word_1_65' title='bbox 862 799 970 851; x_wconf 92' lang='lat' dir='ltr'><strong>Pspl.</strong></span> <span class='ocrx_word' id='word_1_66' title='bbox 990 812 1027 850; x_wconf 89' lang='lat' dir='ltr'><strong>p.</strong></span> <span class='ocrx_word' id='word_1_67' title='bbox 1053 800 1181 847; x_wconf 80' lang='lat' dir='ltr'><strong>847a,</strong></span> <span class='ocrx_word' id='word_1_68' title='bbox 1205 799 1337 839; x_wconf 91' lang='lat' dir='ltr'><strong>tulerit</strong></span> <span class='ocrx_word' id='word_1_69' title='bbox 1359 798 1560 840; x_wconf 90' lang='lat' dir='ltr'><strong>iudicium.</strong></span> <span class='ocrx_word' id='word_1_70' title='bbox 1610 798 1795 838; x_wconf 87' lang='lat' dir='ltr'><strong>Ceterum</strong></span> 
     </span>
     <span class='ocr_line' id='line_1_10' title="bbox 82 870 1794 922; baseline -0.002 -10"><span class='ocrx_word' id='word_1_71' title='bbox 82 870 278 922; x_wconf 76' lang='lat' dir='ltr'><strong>Roesiger.</strong></span> <span class='ocrx_word' id='word_1_72' title='bbox 303 871 388 922; x_wconf 87' lang='lat' dir='ltr'><strong>ipse</strong></span> <span class='ocrx_word' id='word_1_73' title='bbox 419 870 494 911; x_wconf 88' lang='lat' dir='ltr'><strong>sibi</strong></span> <span class='ocrx_word' id='word_1_74' title='bbox 525 872 624 911; x_wconf 89' lang='lat' dir='ltr'><strong>adeo</strong></span> <span class='ocrx_word' id='word_1_75' title='bbox 655 884 735 911; x_wconf 91' lang='lat' dir='ltr'><strong>non</strong></span> <span class='ocrx_word' id='word_1_76' title='bbox 767 876 935 919; x_wconf 89' lang='lat' dir='ltr'><strong>constat,</strong></span> <span class='ocrx_word' id='word_1_77' title='bbox 969 876 1012 910; x_wconf 91' lang='lat' dir='ltr'><strong>ut</strong></span> <span class='ocrx_word' id='word_1_78' title='bbox 1040 884 1082 910; x_wconf 91' lang='lat' dir='ltr'><strong>re</strong></span> <span class='ocrx_word' id='word_1_79' title='bbox 1102 884 1194 910; x_wconf 87' lang='lat' dir='ltr'><strong>vera</strong></span> <span class='ocrx_word' id='word_1_80' title='bbox 1215 870 1472 910; x_wconf 80' lang='lat' dir='ltr'><strong>Plutarchum</strong></span> <span class='ocrx_word' id='word_1_81' title='bbox 1494 870 1617 910; x_wconf 91' lang='lat' dir='ltr'><strong>alium</strong></span> <span class='ocrx_word' id='word_1_82' title='bbox 1640 875 1794 922; x_wconf 89' lang='lat' dir='ltr'><strong>praeter</strong></span> 
     </span>
     <span class='ocr_line' id='line_1_11' title="bbox 83 941 1795 994; baseline -0.002 -11"><span class='ocrx_word' id='word_1_83' title='bbox 83 943 158 983; x_wconf 85' lang='lat' dir='ltr'><strong>hos</strong></span> <span class='ocrx_word' id='word_1_84' title='bbox 187 943 288 983; x_wconf 81' lang='lat' dir='ltr'><strong>duos</strong></span> <span class='ocrx_word' id='word_1_85' title='bbox 320 942 533 994; x_wconf 86' lang='lat' dir='ltr'><strong>scriptores</strong></span> <span class='ocrx_word' id='word_1_86' title='bbox 565 947 656 983; x_wconf 89' lang='lat' dir='ltr'><strong>ante</strong></span> <span class='ocrx_word' id='word_1_87' title='bbox 686 944 823 982; x_wconf 92' lang='lat' dir='ltr'><strong>oculos</strong></span> <span class='ocrx_word' id='word_1_88' title='bbox 854 942 1043 982; x_wconf 87' lang='lat' dir='ltr'><strong>habuisse</strong></span> <span class='ocrx_word' id='word_1_89' title='bbox 1074 943 1220 985; x_wconf 89' lang='lat' dir='ltr'><strong>credat.</strong></span> <span class='ocrx_word' id='word_1_90' title='bbox 1273 942 1376 982; x_wconf 91' lang='lat' dir='ltr'><strong>Dicit</strong></span> <span class='ocrx_word' id='word_1_91' title='bbox 1406 942 1512 982; x_wconf 89' lang='lat' dir='ltr'><strong>enim</strong></span> <span class='ocrx_word' id='word_1_92' title='bbox 1534 941 1649 993; x_wconf 85' lang='lat' dir='ltr'><strong>quasi</strong></span> <span class='ocrx_word' id='word_1_93' title='bbox 1670 941 1795 981; x_wconf 87' lang='lat' dir='ltr'><strong>obiter</strong></span> 
     </span>
     <span class='ocr_line' id='line_1_12' title="bbox 74 1009 1793 1068; baseline -0.003 -11"><span class='ocrx_word' id='word_1_94' title='bbox 74 1015 142 1068; x_wconf 78' lang='lat' dir='ltr'><strong>(p.</strong></span> <span class='ocrx_word' id='word_1_95' title='bbox 162 1015 254 1064; x_wconf 84' lang='lat'>37):</span> <span class='ocrx_word' id='word_1_96' title='bbox 271 1009 375 1056; x_wconf 83' lang='lat' dir='ltr'><strong>‘cum</strong></span> <span class='ocrx_word' id='word_1_97' title='bbox 397 1021 530 1056; x_wconf 88' lang='lat' dir='ltr'><strong>autem</strong></span> <span class='ocrx_word' id='word_1_98' title='bbox 543 1020 712 1056; x_wconf 90' lang='lat' dir='ltr'><strong>mortem</strong></span> <span class='ocrx_word' id='word_1_99' title='bbox 729 1015 1007 1055; x_wconf 89' lang='lat' dir='ltr'><strong>Demosthenis</strong></span> <span class='ocrx_word' id='word_1_100' title='bbox 1024 1016 1074 1055; x_wconf 92' lang='lat' dir='ltr'><strong>ad</strong></span> <span class='ocrx_word' id='word_1_101' title='bbox 1089 1015 1218 1066; x_wconf 86' lang='lat' dir='ltr'><strong>Satyri</strong></span> <span class='ocrx_word' id='word_1_102' title='bbox 1234 1014 1503 1054; x_wconf 86' lang='lat' dir='ltr'><strong>narrationem</strong></span> <span class='ocrx_word' id='word_1_103' title='bbox 1520 1013 1793 1053; x_wconf 86' lang='lat' dir='ltr'><strong>accommoda—</strong></span> 
     </span>
     <span class='ocr_line' id='line_1_13' title="bbox 83 1080 1794 1139; baseline -0.002 -12"><span class='ocrx_word' id='word_1_104' title='bbox 83 1080 214 1136; x_wconf 69' lang='lat' dir='ltr'><strong>verit,</strong></span> <span class='ocrx_word' id='word_1_105' title='bbox 244 1088 295 1128; x_wconf 87' lang='lat' dir='ltr'><strong>ad</strong></span> <span class='ocrx_word' id='word_1_106' title='bbox 325 1101 444 1139; x_wconf 90' lang='lat' dir='ltr'><strong>quem</strong></span> <span class='ocrx_word' id='word_1_107' title='bbox 474 1087 594 1127; x_wconf 90' lang='lat' dir='ltr'><strong>etiam</strong></span> <span class='ocrx_word' id='word_1_108' title='bbox 626 1087 719 1127; x_wconf 89' lang='lat' dir='ltr'><strong>alibi</strong></span> <span class='ocrx_word' id='word_1_109' title='bbox 752 1100 794 1126; x_wconf 88' lang='lat' dir='ltr'><strong>se</strong></span> <span class='ocrx_word' id='word_1_110' title='bbox 826 1087 972 1135; x_wconf 84' lang='lat' dir='ltr'><strong>iunxit,</strong></span> <span class='ocrx_word' id='word_1_111' title='bbox 1013 1087 1190 1138; x_wconf 87' lang='lat' dir='ltr'><strong>sequitur</strong></span> <span class='ocrx_word' id='word_1_112' title='bbox 1221 1099 1313 1126; x_wconf 90' lang='lat' dir='ltr'><strong>eum</strong></span> <span class='ocrx_word' id='word_1_113' title='bbox 1345 1091 1538 1137; x_wconf 89' lang='lat' dir='ltr'><strong>praeter</strong></span> <span class='ocrx_word' id='word_1_114' title='bbox 1570 1085 1794 1135; x_wconf 88' lang='lat' dir='ltr'><strong>Satyrum</strong></span> 
     </span>
     <span class='ocr_line' id='line_1_14' title="bbox 83 1151 1795 1210; baseline -0.002 -10"><span class='ocrx_word' id='word_1_115' title='bbox 83 1159 328 1200; x_wconf 79' lang='lat' dir='ltr'><strong>Demetrium</strong></span> <span class='ocrx_word' id='word_1_116' title='bbox 357 1159 398 1199; x_wconf 89' lang='lat' dir='ltr'><strong>in</strong></span> <span class='ocrx_word' id='word_1_117' title='bbox 430 1159 614 1199; x_wconf 90' lang='lat' dir='ltr'><strong>manibus</strong></span> <span class='ocrx_word' id='word_1_118' title='bbox 645 1159 835 1198; x_wconf 86' lang='lat' dir='ltr'><strong>habuisse</strong></span> <span class='ocrx_word' id='word_1_119' title='bbox 866 1159 979 1209; x_wconf 90' lang='lat' dir='ltr'><strong>eique</strong></span> <span class='ocrx_word' id='word_1_120' title='bbox 1011 1159 1208 1210; x_wconf 89' lang='lat' dir='ltr'><strong>permulta</strong></span> <span class='ocrx_word' id='word_1_121' title='bbox 1239 1151 1403 1198; x_wconf 75' lang='lat' dir='ltr'><strong>debere&#39;.</strong></span> <span class='ocrx_word' id='word_1_122' title='bbox 1458 1157 1560 1205; x_wconf 88' lang='lat' dir='ltr'><strong>Quid</strong></span> <span class='ocrx_word' id='word_1_123' title='bbox 1587 1157 1620 1196; x_wconf 90' lang='lat' dir='ltr'><strong>si</strong></span> <span class='ocrx_word' id='word_1_124' title='bbox 1643 1156 1795 1197; x_wconf 87' lang='lat' dir='ltr'><strong>mutata</strong></span> 
     </span>
     <span class='ocr_line' id='line_1_15' title="bbox 83 1228 1794 1282; baseline -0.002 -11"><span class='ocrx_word' id='word_1_125' title='bbox 83 1230 277 1271; x_wconf 75' lang='lat' dir='ltr'><strong>sententia</strong></span> <span class='ocrx_word' id='word_1_126' title='bbox 307 1230 488 1271; x_wconf 83' lang='lat' dir='ltr'><strong>dicamus</strong></span> <span class='ocrx_word' id='word_1_127' title='bbox 520 1243 611 1270; x_wconf 87' lang='lat' dir='ltr'><strong>eum</strong></span> <span class='ocrx_word' id='word_1_128' title='bbox 644 1236 799 1282; x_wconf 86' lang='lat' dir='ltr'><strong>praeter</strong></span> <span class='ocrx_word' id='word_1_129' title='bbox 818 1230 1075 1278; x_wconf 86' lang='lat' dir='ltr'><strong>Demetrium,</strong></span> <span class='ocrx_word' id='word_1_130' title='bbox 1110 1243 1227 1281; x_wconf 91' lang='lat' dir='ltr'><strong>quem</strong></span> <span class='ocrx_word' id='word_1_131' title='bbox 1260 1230 1420 1281; x_wconf 90' lang='lat' dir='ltr'><strong>quidem</strong></span> <span class='ocrx_word' id='word_1_132' title='bbox 1452 1228 1629 1269; x_wconf 87' lang='lat' dir='ltr'><strong>convicio</strong></span> <span class='ocrx_word' id='word_1_133' title='bbox 1662 1228 1794 1268; x_wconf 87' lang='lat' dir='ltr'><strong>addito</strong></span> 
     </span>
     <span class='ocr_line' id='line_1_16' title="bbox 83 1300 1792 1354; baseline -0.002 -12"><span class='ocrx_word' id='word_1_134' title='bbox 83 1300 214 1350; x_wconf 82' lang='lat' dir='ltr'><strong>abicit,</strong></span> <span class='ocrx_word' id='word_1_135' title='bbox 237 1301 377 1353; x_wconf 75' lang='lat' dir='ltr'><strong>Satyro</strong></span> <span class='ocrx_word' id='word_1_136' title='bbox 409 1303 605 1354; x_wconf 87' lang='lat' dir='ltr'><strong>permulta</strong></span> <span class='ocrx_word' id='word_1_137' title='bbox 636 1303 805 1342; x_wconf 78' lang='lat' dir='ltr'><strong>debere?</strong></span> <span class='ocrx_word' id='word_1_138' title='bbox 851 1302 955 1342; x_wconf 91' lang='lat' dir='ltr'><strong>Nam</strong></span> <span class='ocrx_word' id='word_1_139' title='bbox 977 1302 1117 1353; x_wconf 89' lang='lat' dir='ltr'><strong>Satyro</strong></span> <span class='ocrx_word' id='word_1_140' title='bbox 1139 1302 1295 1353; x_wconf 90' lang='lat' dir='ltr'><strong>quidem</strong></span> <span class='ocrx_word' id='word_1_141' title='bbox 1319 1314 1518 1352; x_wconf 85' lang='lat' dir='ltr'><strong>nusquam</strong></span> <span class='ocrx_word' id='word_1_142' title='bbox 1551 1301 1792 1349; x_wconf 86' lang='lat' dir='ltr'><strong>adversatur,</strong></span> 
     </span>
     <span class='ocr_line' id='line_1_17' title="bbox 83 1369 1793 1426; baseline -0.002 -12"><span class='ocrx_word' id='word_1_143' title='bbox 83 1387 326 1425; x_wconf 73' lang='lat' dir='ltr'><strong>quamquam</strong></span> <span class='ocrx_word' id='word_1_144' title='bbox 343 1374 428 1414; x_wconf 89' lang='lat' dir='ltr'><strong>eius</strong></span> <span class='ocrx_word' id='word_1_145' title='bbox 445 1374 556 1414; x_wconf 89' lang='lat' dir='ltr'><strong>libris</strong></span> <span class='ocrx_word' id='word_1_146' title='bbox 571 1374 743 1426; x_wconf 88' lang='lat' dir='ltr'><strong>saepius,</strong></span> <span class='ocrx_word' id='word_1_147' title='bbox 762 1375 868 1414; x_wconf 89' lang='lat' dir='ltr'><strong>velut</strong></span> <span class='ocrx_word' id='word_1_148' title='bbox 884 1375 933 1414; x_wconf 89' lang='lat' dir='ltr'><strong>ad</strong></span> <span class='ocrx_word' id='word_1_149' title='bbox 943 1373 1159 1413; x_wconf 88' lang='lat' dir='ltr'><strong>Alcibiadis</strong></span> <span class='ocrx_word' id='word_1_150' title='bbox 1174 1373 1292 1413; x_wconf 88' lang='lat' dir='ltr'><strong>vitam</strong></span> <span class='ocrx_word' id='word_1_151' title='bbox 1303 1373 1458 1421; x_wconf 87' lang='lat' dir='ltr'><strong>(Fricke</strong></span> <span class='ocrx_word' id='word_1_152' title='bbox 1470 1369 1557 1414; x_wconf 74' lang='lat' dir='ltr'><strong>Lm.</strong></span> <span class='ocrx_word' id='word_1_153' title='bbox 1571 1386 1608 1424; x_wconf 89' lang='lat' dir='ltr'><strong>p.</strong></span> <span class='ocrx_word' id='word_1_154' title='bbox 1623 1374 1676 1414; x_wconf 88' lang='grc'><strong>49</strong></span> <span class='ocrx_word' id='word_1_155' title='bbox 1687 1371 1793 1424; x_wconf 89' lang='lat' dir='ltr'><strong>sqq.)</strong></span> 
     </span>
     <span class='ocr_line' id='line_1_18' title="bbox 82 1445 1144 1497; baseline 0 -12"><span class='ocrx_word' id='word_1_156' title='bbox 82 1449 122 1485; x_wconf 89' lang='lat' dir='ltr'><strong>et</strong></span> <span class='ocrx_word' id='word_1_157' title='bbox 150 1445 228 1485; x_wconf 88' lang='lat' dir='ltr'><strong>nisi</strong></span> <span class='ocrx_word' id='word_1_158' title='bbox 259 1445 375 1485; x_wconf 77' lang='lat' dir='ltr'><strong>fallor</strong></span> <span class='ocrx_word' id='word_1_159' title='bbox 405 1446 455 1486; x_wconf 90' lang='lat' dir='ltr'><strong>ad</strong></span> <span class='ocrx_word' id='word_1_160' title='bbox 487 1445 587 1485; x_wconf 90' lang='lat' dir='ltr'><strong>alias</strong></span> <span class='ocrx_word' id='word_1_161' title='bbox 620 1459 778 1497; x_wconf 90' lang='lat' dir='ltr'><strong>quoque</strong></span> <span class='ocrx_word' id='word_1_162' title='bbox 808 1446 908 1485; x_wconf 89' lang='lat' dir='ltr'><strong>vitas</strong></span> <span class='ocrx_word' id='word_1_163' title='bbox 940 1459 1038 1485; x_wconf 90' lang='lat' dir='ltr'><strong>usus</strong></span> <span class='ocrx_word' id='word_1_164' title='bbox 1072 1451 1144 1485; x_wconf 89' lang='lat' dir='ltr'><strong>est.</strong></span> 
     </span>
    </p>

    <p class='ocr_par' dir='ltr' id='par_1_5' title="bbox 80 1516 1793 1856">
     <span class='ocr_line' id='line_1_19' title="bbox 178 1516 1793 1568; baseline 0.001 -14"><span class='ocrx_word' id='word_1_165' title='bbox 178 1551 180 1554; x_wconf 91' lang='lat'><strong>.</strong></span> <span class='ocrx_word' id='word_1_166' title='bbox 223 1516 327 1565; x_wconf 80' lang='lat' dir='ltr'><strong>Quin</strong></span> <span class='ocrx_word' id='word_1_167' title='bbox 348 1517 433 1557; x_wconf 51' lang='lat' dir='ltr'><strong>imo¹</strong></span> <span class='ocrx_word' id='word_1_168' title='bbox 446 1523 604 1558; x_wconf 80' lang='lat' dir='ltr'><strong>constat</strong></span> <span class='ocrx_word' id='word_1_169' title='bbox 618 1518 876 1557; x_wconf 84' lang='lat' dir='ltr'><strong>Plutarchum</strong></span> <span class='ocrx_word' id='word_1_170' title='bbox 894 1517 1084 1567; x_wconf 84' lang='lat' dir='ltr'><strong>singulari</strong></span> <span class='ocrx_word' id='word_1_171' title='bbox 1103 1518 1317 1568; x_wconf 85' lang='lat' dir='ltr'><strong>sagacitate</strong></span> <span class='ocrx_word' id='word_1_172' title='bbox 1334 1517 1573 1557; x_wconf 84' lang='lat' dir='ltr'><strong>fidissimum</strong></span> <span class='ocrx_word' id='word_1_173' title='bbox 1596 1529 1793 1568; x_wconf 88' lang='lat' dir='ltr'><strong>quemque</strong></span> 
     </span>
     <span class='ocr_line' id='line_1_20' title="bbox 81 1587 1793 1641; baseline -0.001 -12"><span class='ocrx_word' id='word_1_174' title='bbox 81 1587 240 1640; x_wconf 71' lang='lat' dir='ltr'><strong>venique</strong></span> <span class='ocrx_word' id='word_1_175' title='bbox 255 1589 595 1629; x_wconf 85' lang='lat' dir='ltr'><strong>studiosissimum</strong></span> <span class='ocrx_word' id='word_1_176' title='bbox 613 1589 844 1641; x_wconf 89' lang='lat' dir='ltr'><strong>scriptorem</strong></span> <span class='ocrx_word' id='word_1_177' title='bbox 865 1594 1159 1641; x_wconf 89' lang='lat' dir='ltr'><strong>perscrutatum</strong></span> <span class='ocrx_word' id='word_1_178' title='bbox 1176 1602 1277 1637; x_wconf 89' lang='lat' dir='ltr'><strong>esse,</strong></span> <span class='ocrx_word' id='word_1_179' title='bbox 1301 1590 1377 1628; x_wconf 83' lang='lat' dir='ltr'><strong>fide</strong></span> <span class='ocrx_word' id='word_1_180' title='bbox 1390 1589 1572 1639; x_wconf 87' lang='lat' dir='ltr'><strong>indignos</strong></span> <span class='ocrx_word' id='word_1_181' title='bbox 1590 1593 1628 1629; x_wconf 90' lang='lat' dir='ltr'><strong>et</strong></span> <span class='ocrx_word' id='word_1_182' title='bbox 1645 1587 1793 1628; x_wconf 86' lang='lat' dir='ltr'><strong>calum-</strong></span> 
     </span>
     <span class='ocr_line' id='line_1_21' title="bbox 81 1660 1790 1711; baseline -0.001 -11"><span class='ocrx_word' id='word_1_183' title='bbox 81 1660 254 1701; x_wconf 87' lang='lat' dir='ltr'><strong>niatores</strong></span> <span class='ocrx_word' id='word_1_184' title='bbox 284 1673 376 1701; x_wconf 83' lang='lat' dir='ltr'><strong>raro</strong></span> <span class='ocrx_word' id='word_1_185' title='bbox 408 1666 587 1701; x_wconf 86' lang='lat' dir='ltr'><strong>secutum</strong></span> <span class='ocrx_word' id='word_1_186' title='bbox 619 1674 720 1701; x_wconf 89' lang='lat' dir='ltr'><strong>esse.</strong></span> <span class='ocrx_word' id='word_1_187' title='bbox 775 1660 863 1708; x_wconf 88' lang='lat' dir='ltr'><strong>Qua</strong></span> <span class='ocrx_word' id='word_1_188' title='bbox 882 1661 932 1700; x_wconf 90' lang='lat' dir='ltr'><strong>de</strong></span> <span class='ocrx_word' id='word_1_189' title='bbox 952 1674 1074 1701; x_wconf 88' lang='lat' dir='ltr'><strong>causa</strong></span> <span class='ocrx_word' id='word_1_190' title='bbox 1098 1681 1150 1688; x_wconf 90' lang='lat'>—</span> <span class='ocrx_word' id='word_1_191' title='bbox 1175 1660 1213 1700; x_wconf 91' lang='lat' dir='ltr'><strong>id</strong></span> <span class='ocrx_word' id='word_1_192' title='bbox 1236 1661 1341 1711; x_wconf 89' lang='lat' dir='ltr'><strong>quod</strong></span> <span class='ocrx_word' id='word_1_193' title='bbox 1373 1660 1476 1700; x_wconf 87' lang='lat' dir='ltr'><strong>infra</strong></span> <span class='ocrx_word' id='word_1_194' title='bbox 1507 1660 1790 1700; x_wconf 87' lang='lat' dir='ltr'><strong>demonstrabo</strong></span> 
     </span>
     <span class='ocr_line' id='line_1_22' title="bbox 82 1732 1791 1784; baseline 0 -12"><span class='ocrx_word' id='word_1_195' title='bbox 82 1753 136 1760; x_wconf 86' lang='lat'><strong>--</strong></span> <span class='ocrx_word' id='word_1_196' title='bbox 159 1736 198 1772; x_wconf 89' lang='lat' dir='ltr'><strong>et</strong></span> <span class='ocrx_word' id='word_1_197' title='bbox 216 1732 418 1782; x_wconf 87' lang='lat' dir='ltr'><strong>Duridem,</strong></span> <span class='ocrx_word' id='word_1_198' title='bbox 452 1733 516 1773; x_wconf 90' lang='lat' dir='ltr'><strong>cui</strong></span> <span class='ocrx_word' id='word_1_199' title='bbox 548 1745 711 1784; x_wconf 86' lang='lat' dir='ltr'><strong>parvam</strong></span> <span class='ocrx_word' id='word_1_200' title='bbox 742 1733 860 1773; x_wconf 86' lang='lat' dir='ltr'><strong>fidem</strong></span> <span class='ocrx_word' id='word_1_201' title='bbox 891 1733 1041 1782; x_wconf 86' lang='lat' dir='ltr'><strong>habuit,</strong></span> <span class='ocrx_word' id='word_1_202' title='bbox 1075 1737 1111 1772; x_wconf 93' lang='lat' dir='ltr'><strong>et</strong></span> <span class='ocrx_word' id='word_1_203' title='bbox 1134 1733 1387 1772; x_wconf 90' lang='lat' dir='ltr'><strong>Idomeneum</strong></span> <span class='ocrx_word' id='word_1_204' title='bbox 1413 1733 1637 1784; x_wconf 85' lang='lat' dir='ltr'><strong>Lampsac.,</strong></span> <span class='ocrx_word' id='word_1_205' title='bbox 1672 1745 1791 1784; x_wconf 89' lang='lat' dir='ltr'><strong>quem</strong></span> 
     </span>
     <span class='ocr_line' id='line_1_23' title="bbox 80 1803 1650 1856; baseline 0 -12"><span class='ocrx_word' id='word_1_206' title='bbox 80 1804 281 1844; x_wconf 89' lang='lat' dir='ltr'><strong>hominem</strong></span> <span class='ocrx_word' id='word_1_207' title='bbox 312 1804 571 1844; x_wconf 88' lang='lat' dir='ltr'><strong>maledicendi</strong></span> <span class='ocrx_word' id='word_1_208' title='bbox 604 1803 909 1856; x_wconf 89' lang='lat' dir='ltr'><strong>cupidissimum</strong></span> <span class='ocrx_word' id='word_1_209' title='bbox 940 1818 1030 1844; x_wconf 87' lang='lat' dir='ltr'><strong>esse</strong></span> <span class='ocrx_word' id='word_1_210' title='bbox 1060 1809 1308 1855; x_wconf 81' lang='lat' dir='ltr'><strong>cognoverat,</strong></span> <span class='ocrx_word' id='word_1_211' title='bbox 1341 1817 1432 1844; x_wconf 88' lang='lat' dir='ltr'><strong>raro</strong></span> <span class='ocrx_word' id='word_1_212' title='bbox 1464 1803 1650 1856; x_wconf 86' lang='lat' dir='ltr'><strong>respexit.</strong></span> 
     </span>
    </p>

    <p class='ocr_par' dir='ltr' id='par_1_6' title="bbox 74 1869 1794 2648">
     <span class='ocr_line' id='line_1_24' title="bbox 221 1869 1791 1929; baseline 0 -13"><span class='ocrx_word' id='word_1_213' title='bbox 221 1869 324 1924; x_wconf 81' lang='lat' dir='ltr'><strong>Quid</strong></span> <span class='ocrx_word' id='word_1_214' title='bbox 367 1889 481 1926; x_wconf 83' lang='lat' dir='ltr'><strong>ergo,</strong></span> <span class='ocrx_word' id='word_1_215' title='bbox 522 1876 713 1928; x_wconf 89' lang='lat' dir='ltr'><strong>quoniam</strong></span> <span class='ocrx_word' id='word_1_216' title='bbox 744 1877 1003 1916; x_wconf 86' lang='lat' dir='ltr'><strong>Plutarchum</strong></span> <span class='ocrx_word' id='word_1_217' title='bbox 1034 1882 1119 1917; x_wconf 91' lang='lat' dir='ltr'><strong>tum</strong></span> <span class='ocrx_word' id='word_1_218' title='bbox 1152 1877 1296 1929; x_wconf 88' lang='lat' dir='ltr'><strong>ipsum,</strong></span> <span class='ocrx_word' id='word_1_219' title='bbox 1332 1889 1423 1916; x_wconf 89' lang='lat' dir='ltr'><strong>cum</strong></span> <span class='ocrx_word' id='word_1_220' title='bbox 1455 1876 1575 1916; x_wconf 89' lang='lat' dir='ltr'><strong>alicui</strong></span> <span class='ocrx_word' id='word_1_221' title='bbox 1607 1876 1791 1928; x_wconf 85' lang='lat' dir='ltr'><strong>scriptori</strong></span> 
     </span>
     <span class='ocr_line' id='line_1_25' title="bbox 79 1939 1792 2000; baseline 0 -13"><span class='ocrx_word' id='word_1_222' title='bbox 79 1947 318 1999; x_wconf 72' lang='lat' dir='ltr'><strong>obloquitur,</strong></span> <span class='ocrx_word' id='word_1_223' title='bbox 352 1949 485 2000; x_wconf 89' lang='lat' dir='ltr'><strong>plures</strong></span> <span class='ocrx_word' id='word_1_224' title='bbox 517 1949 646 1988; x_wconf 86' lang='lat' dir='ltr'><strong>fontes</strong></span> <span class='ocrx_word' id='word_1_225' title='bbox 678 1948 780 1988; x_wconf 88' lang='lat' dir='ltr'><strong>inter</strong></span> <span class='ocrx_word' id='word_1_226' title='bbox 812 1962 855 1988; x_wconf 89' lang='lat' dir='ltr'><strong>se</strong></span> <span class='ocrx_word' id='word_1_227' title='bbox 886 1939 1183 2000; x_wconf 83' lang='lat' dir='ltr'><strong>comparavisse</strong></span> <span class='ocrx_word' id='word_1_228' title='bbox 1220 1954 1338 2000; x_wconf 89' lang='lat' dir='ltr'><strong>atque</strong></span> <span class='ocrx_word' id='word_1_229' title='bbox 1369 1947 1533 1987; x_wconf 92' lang='lat' dir='ltr'><strong>omnino</strong></span> <span class='ocrx_word' id='word_1_230' title='bbox 1567 1961 1685 1988; x_wconf 89' lang='lat' dir='ltr'><strong>suum</strong></span> <span class='ocrx_word' id='word_1_231' title='bbox 1717 1948 1792 1988; x_wconf 87' lang='lat' dir='ltr'><strong>sibi</strong></span> 
     </span>
     <span class='ocr_line' id='line_1_26' title="bbox 78 2018 1794 2072; baseline 0 -13"><span class='ocrx_word' id='word_1_232' title='bbox 78 2018 268 2060; x_wconf 89' lang='lat' dir='ltr'><strong>iudicium</strong></span> <span class='ocrx_word' id='word_1_233' title='bbox 298 2019 444 2071; x_wconf 88' lang='lat' dir='ltr'><strong>ubique</strong></span> <span class='ocrx_word' id='word_1_234' title='bbox 465 2033 648 2060; x_wconf 86' lang='lat' dir='ltr'><strong>servasse</strong></span> <span class='ocrx_word' id='word_1_235' title='bbox 669 2025 847 2071; x_wconf 88' lang='lat' dir='ltr'><strong>apparet,</strong></span> <span class='ocrx_word' id='word_1_236' title='bbox 881 2034 977 2060; x_wconf 91' lang='lat' dir='ltr'><strong>num</strong></span> <span class='ocrx_word' id='word_1_237' title='bbox 999 2021 1032 2060; x_wconf 92' lang='lat' dir='ltr'><strong>ei</strong></span> <span class='ocrx_word' id='word_1_238' title='bbox 1056 2021 1111 2060; x_wconf 92' lang='lat' dir='ltr'><strong>illi</strong></span> <span class='ocrx_word' id='word_1_239' title='bbox 1134 2021 1223 2069; x_wconf 87' lang='lat' dir='ltr'><strong>loci,</strong></span> <span class='ocrx_word' id='word_1_240' title='bbox 1257 2021 1401 2071; x_wconf 89' lang='lat' dir='ltr'><strong>quibus</strong></span> <span class='ocrx_word' id='word_1_241' title='bbox 1424 2021 1463 2059; x_wconf 91' lang='lat' dir='ltr'><strong>in</strong></span> <span class='ocrx_word' id='word_1_242' title='bbox 1486 2020 1794 2072; x_wconf 86' lang='lat' dir='ltr'><strong>Theopompum</strong></span> 
     </span>
     <span class='ocr_line' id='line_1_27' title="bbox 79 2089 1793 2141; baseline 0.001 -11"><span class='ocrx_word' id='word_1_243' title='bbox 79 2089 130 2139; x_wconf 87' lang='lat' dir='ltr'><strong>(c.</strong></span> <span class='ocrx_word' id='word_1_244' title='bbox 167 2091 232 2140; x_wconf 82' lang='lat'><strong>13,</strong></span> <span class='ocrx_word' id='word_1_245' title='bbox 269 2092 337 2140; x_wconf 82' lang='lat'><strong>18,</strong></span> <span class='ocrx_word' id='word_1_246' title='bbox 373 2091 446 2141; x_wconf 88' lang='grc'><strong>21)</strong></span> <span class='ocrx_word' id='word_1_247' title='bbox 477 2096 516 2132; x_wconf 89' lang='lat' dir='ltr'><strong>et</strong></span> <span class='ocrx_word' id='word_1_248' title='bbox 543 2092 783 2132; x_wconf 86' lang='lat' dir='ltr'><strong>Aeschinem</strong></span> <span class='ocrx_word' id='word_1_249' title='bbox 805 2092 857 2141; x_wconf 91' lang='lat' dir='ltr'><strong>(c.</strong></span> <span class='ocrx_word' id='word_1_250' title='bbox 883 2091 957 2140; x_wconf 87' lang='grc'><strong>22)</strong></span> <span class='ocrx_word' id='word_1_251' title='bbox 990 2092 1198 2141; x_wconf 85' lang='lat' dir='ltr'><strong>invehitur,</strong></span> <span class='ocrx_word' id='word_1_252' title='bbox 1233 2092 1485 2132; x_wconf 89' lang='lat' dir='ltr'><strong>abiudicandi</strong></span> <span class='ocrx_word' id='word_1_253' title='bbox 1517 2096 1638 2132; x_wconf 84' lang='lat' dir='ltr'><strong>sunt?</strong></span> <span class='ocrx_word' id='word_1_254' title='bbox 1690 2092 1793 2132; x_wconf 86' lang='lat' dir='ltr'><strong>Nam</strong></span> 
     </span>
     <span class='ocr_line' id='line_1_28' title="bbox 79 2163 1790 2216; baseline 0.001 -14"><span class='ocrx_word' id='word_1_255' title='bbox 79 2168 201 2213; x_wconf 83' lang='lat' dir='ltr'><strong>quam</strong></span> <span class='ocrx_word' id='word_1_256' title='bbox 230 2163 405 2203; x_wconf 84' lang='lat' dir='ltr'><strong>maxime</strong></span> <span class='ocrx_word' id='word_1_257' title='bbox 435 2163 582 2203; x_wconf 81' lang='lat' dir='ltr'><strong>mirum</strong></span> <span class='ocrx_word' id='word_1_258' title='bbox 613 2168 685 2212; x_wconf 88' lang='lat' dir='ltr'><strong>est,</strong></span> <span class='ocrx_word' id='word_1_259' title='bbox 719 2165 824 2216; x_wconf 93' lang='lat' dir='ltr'><strong>quod</strong></span> <span class='ocrx_word' id='word_1_260' title='bbox 857 2165 1046 2215; x_wconf 85' lang='lat' dir='ltr'><strong>Roesiger</strong></span> <span class='ocrx_word' id='word_1_261' title='bbox 1078 2165 1127 2204; x_wconf 87' lang='lat' dir='ltr'><strong>ad</strong></span> <span class='ocrx_word' id='word_1_262' title='bbox 1150 2165 1223 2203; x_wconf 87' lang='lat' dir='ltr'><strong>hos</strong></span> <span class='ocrx_word' id='word_1_263' title='bbox 1246 2165 1373 2215; x_wconf 88' lang='lat' dir='ltr'><strong>legem</strong></span> <span class='ocrx_word' id='word_1_264' title='bbox 1395 2164 1504 2204; x_wconf 89' lang='lat' dir='ltr'><strong>illam</strong></span> <span class='ocrx_word' id='word_1_265' title='bbox 1527 2178 1607 2204; x_wconf 90' lang='lat' dir='ltr'><strong>non</strong></span> <span class='ocrx_word' id='word_1_266' title='bbox 1629 2165 1790 2204; x_wconf 89' lang='lat' dir='ltr'><strong>rettulit.</strong></span> 
     </span>
     <span class='ocr_line' id='line_1_29' title="bbox 78 2232 1789 2289; baseline 0.001 -15"><span class='ocrx_word' id='word_1_267' title='bbox 78 2233 257 2285; x_wconf 85' lang='lat' dir='ltr'><strong>Denique</strong></span> <span class='ocrx_word' id='word_1_268' title='bbox 287 2235 452 2275; x_wconf 89' lang='lat' dir='ltr'><strong>dubium</strong></span> <span class='ocrx_word' id='word_1_269' title='bbox 483 2249 563 2275; x_wconf 91' lang='lat' dir='ltr'><strong>non</strong></span> <span class='ocrx_word' id='word_1_270' title='bbox 595 2240 674 2284; x_wconf 89' lang='lat' dir='ltr'><strong>est,</strong></span> <span class='ocrx_word' id='word_1_271' title='bbox 717 2236 830 2276; x_wconf 88' lang='lat' dir='ltr'><strong>cuius</strong></span> <span class='ocrx_word' id='word_1_272' title='bbox 863 2250 911 2276; x_wconf 86' lang='lat' dir='ltr'><strong>ex</strong></span> <span class='ocrx_word' id='word_1_273' title='bbox 945 2237 1035 2276; x_wconf 88' lang='lat' dir='ltr'><strong>stilo</strong></span> <span class='ocrx_word' id='word_1_274' title='bbox 1069 2236 1252 2276; x_wconf 82' lang='lat' dir='ltr'><strong>fluxerint</strong></span> <span class='ocrx_word' id='word_1_275' title='bbox 1281 2236 1401 2276; x_wconf 85' lang='lat' dir='ltr'><strong>haec:</strong></span> <span class='ocrx_word' id='word_1_276' title='bbox 1436 2247 1502 2289; x_wconf 73' lang='grc' dir='ltr'><strong>μοι</strong></span> <span class='ocrx_word' id='word_1_277' title='bbox 1531 2232 1642 2274; x_wconf 74' lang='grc' dir='ltr'>δοκεῖ</span> <span class='ocrx_word' id='word_1_278' title='bbox 1661 2249 1695 2278; x_wconf 91' lang='lat' dir='ltr'><strong>c.</strong></span> <span class='ocrx_word' id='word_1_279' title='bbox 1724 2238 1789 2285; x_wconf 88' lang='grc'><strong>12,</strong></span> 
     </span>
     <span class='ocr_line' id='line_1_30' title="bbox 77 2297 1790 2362; baseline 0.004 -19"><span class='ocrx_word' id='word_1_280' title='bbox 77 2297 152 2343; x_wconf 68' lang='grc' dir='ltr'><strong>οὖν.</strong></span> <span class='ocrx_word' id='word_1_281' title='bbox 171 2299 219 2343; x_wconf 77' lang='grc' dir='ltr'><strong>ἄν</strong></span> <span class='ocrx_word' id='word_1_282' title='bbox 239 2316 307 2358; x_wconf 78' lang='grc' dir='ltr'><strong>μοι</strong></span> <span class='ocrx_word' id='word_1_283' title='bbox 327 2301 484 2346; x_wconf 73' lang='grc' dir='ltr'>δοκοῦσι</span> <span class='ocrx_word' id='word_1_284' title='bbox 504 2307 611 2355; x_wconf 67' lang='lat' dir='ltr'><strong>ibid„</strong></span> <span class='ocrx_word' id='word_1_285' title='bbox 635 2301 732 2345; x_wconf 76' lang='grc' dir='ltr'>ὅθεν</span> <span class='ocrx_word' id='word_1_286' title='bbox 752 2302 825 2346; x_wconf 77' lang='grc' dir='ltr'><strong>οὒκ</strong></span> <span class='ocrx_word' id='word_1_287' title='bbox 846 2302 919 2346; x_wconf 86' lang='grc' dir='ltr'>οἶδ’</span> <span class='ocrx_word' id='word_1_288' title='bbox 944 2303 1050 2352; x_wconf 76' lang='grc' dir='ltr'>ὅπως</span> <span class='ocrx_word' id='word_1_289' title='bbox 1074 2308 1247 2362; x_wconf 81' lang='grc' dir='ltr'>παρέστη</span> <span class='ocrx_word' id='word_1_290' title='bbox 1270 2303 1494 2361; x_wconf 79' lang='grc' dir='ltr'>Θεοπόμπῳ</span> <span class='ocrx_word' id='word_1_291' title='bbox 1515 2305 1640 2359; x_wconf 75' lang='grc' dir='ltr'>λέγειν</span> <span class='ocrx_word' id='word_1_292' title='bbox 1662 2322 1696 2350; x_wconf 89' lang='lat' dir='ltr'><strong>e.</strong></span> <span class='ocrx_word' id='word_1_293' title='bbox 1724 2309 1790 2357; x_wconf 84' lang='lat'><strong>13,</strong></span> 
     </span>
     <span class='ocr_line' id='line_1_31' title="bbox 76 2369 1793 2433; baseline 0.002 -19"><span class='ocrx_word' id='word_1_294' title='bbox 76 2369 132 2420; x_wconf 76' lang='grc' dir='ltr'><strong>ὡς</strong></span> <span class='ocrx_word' id='word_1_295' title='bbox 151 2375 293 2431; x_wconf 77' lang='grc' dir='ltr'>γράφει</span> <span class='ocrx_word' id='word_1_296' title='bbox 307 2375 380 2416; x_wconf 64' lang='grc' dir='ltr'><strong>,καὶ</strong></span> <span class='ocrx_word' id='word_1_297' title='bbox 398 2374 590 2430; x_wconf 78' lang='grc' dir='ltr'>τραγῳδεῖ</span> <span class='ocrx_word' id='word_1_298' title='bbox 608 2373 843 2433; x_wconf 79' lang='grc' dir='ltr'>Θεόπομπος</span> <span class='ocrx_word' id='word_1_299' title='bbox 865 2393 899 2422; x_wconf 86' lang='lat' dir='ltr'><strong>c.</strong></span> <span class='ocrx_word' id='word_1_300' title='bbox 925 2382 993 2429; x_wconf 93' lang='lat'><strong>21,</strong></span> <span class='ocrx_word' id='word_1_301' title='bbox 1027 2374 1102 2430; x_wconf 75' lang='grc' dir='ltr'><strong>ἐγὼ</strong></span> <span class='ocrx_word' id='word_1_302' title='bbox 1124 2376 1158 2417; x_wconf 92' lang='grc' dir='ltr'><strong>δ’</strong></span> <span class='ocrx_word' id='word_1_303' title='bbox 1182 2374 1256 2418; x_wconf 73' lang='grc' dir='ltr'><strong>οὐκ</strong></span> <span class='ocrx_word' id='word_1_304' title='bbox 1277 2374 1323 2418; x_wconf 80' lang='grc' dir='ltr'><strong>ἂν</strong></span> <span class='ocrx_word' id='word_1_305' title='bbox 1345 2375 1487 2433; x_wconf 79' lang='grc' dir='ltr'>εἴποιμι</span> <span class='ocrx_word' id='word_1_306' title='bbox 1509 2394 1542 2420; x_wconf 90' lang='lat' dir='ltr'><strong>c.</strong></span> <span class='ocrx_word' id='word_1_307' title='bbox 1568 2384 1636 2429; x_wconf 89' lang='lat'><strong>22,</strong></span> <span class='ocrx_word' id='word_1_308' title='bbox 1670 2382 1793 2418; x_wconf 84' lang='grc' dir='ltr'>ταῦτα</span> 
     </span>
     <span class='ocr_line' id='line_1_32' title="bbox 74 2441 1791 2504; baseline 0.003 -18"><span class='ocrx_word' id='word_1_309' title='bbox 74 2445 148 2500; x_wconf 74' lang='grc' dir='ltr'><strong>μὲν</strong></span> <span class='ocrx_word' id='word_1_310' title='bbox 176 2441 295 2486; x_wconf 78' lang='grc' dir='ltr'>εἰπεῖν</span> <span class='ocrx_word' id='word_1_311' title='bbox 324 2447 591 2504; x_wconf 79' lang='grc' dir='ltr'>προήχθημεν</span> <span class='ocrx_word' id='word_1_312' title='bbox 622 2464 655 2491; x_wconf 88' lang='lat' dir='ltr'><strong>c.</strong></span> <span class='ocrx_word' id='word_1_313' title='bbox 681 2453 734 2492; x_wconf 88' lang='lat'><strong>22</strong></span> <span class='ocrx_word' id='word_1_314' title='bbox 758 2456 871 2500; x_wconf 66' lang='lat' dir='ltr'><strong>extr„</strong></span> <span class='ocrx_word' id='word_1_315' title='bbox 905 2457 948 2492; x_wconf 94' lang='lat' dir='ltr'><strong>ut</strong></span> <span class='ocrx_word' id='word_1_316' title='bbox 981 2452 1294 2503; x_wconf 85' lang='lat' dir='ltr'><strong>praetermittam</strong></span> <span class='ocrx_word' id='word_1_317' title='bbox 1327 2452 1446 2492; x_wconf 89' lang='lat' dir='ltr'><strong>etiam</strong></span> <span class='ocrx_word' id='word_1_318' title='bbox 1478 2452 1546 2492; x_wconf 89' lang='lat' dir='ltr'><strong>illa</strong></span> <span class='ocrx_word' id='word_1_319' title='bbox 1577 2447 1688 2490; x_wconf 76' lang='grc' dir='ltr'>δοκεῖ</span> <span class='ocrx_word' id='word_1_320' title='bbox 1707 2466 1740 2492; x_wconf 90' lang='lat' dir='ltr'><strong>c.</strong></span> <span class='ocrx_word' id='word_1_321' title='bbox 1766 2454 1791 2492; x_wconf 90' lang='lat'>4</span> 
     </span>
     <span class='ocr_line' id='line_1_33' title="bbox 77 2517 1790 2578; baseline 0.004 -21"><span class='ocrx_word' id='word_1_322' title='bbox 77 2517 308 2570; x_wconf 87' lang='lat' dir='ltr'><strong>similesque</strong></span> <span class='ocrx_word' id='word_1_323' title='bbox 329 2533 445 2560; x_wconf 89' lang='lat' dir='ltr'><strong>voces</strong></span> <span class='ocrx_word' id='word_1_324' title='bbox 466 2534 654 2573; x_wconf 85' lang='lat' dir='ltr'><strong>magnam</strong></span> <span class='ocrx_word' id='word_1_325' title='bbox 675 2527 841 2574; x_wconf 90' lang='lat' dir='ltr'><strong>partem,</strong></span> <span class='ocrx_word' id='word_1_326' title='bbox 866 2523 934 2563; x_wconf 87' lang='lat' dir='ltr'><strong>illa</strong></span> <span class='ocrx_word' id='word_1_327' title='bbox 954 2517 1128 2578; x_wconf 76' lang='grc' dir='ltr'>φαίνεται</span> <span class='ocrx_word' id='word_1_328' title='bbox 1151 2537 1184 2566; x_wconf 90' lang='lat' dir='ltr'><strong>c.</strong></span> <span class='ocrx_word' id='word_1_329' title='bbox 1205 2525 1257 2564; x_wconf 89' lang='lat'><strong>13</strong></span> <span class='ocrx_word' id='word_1_330' title='bbox 1281 2528 1319 2563; x_wconf 88' lang='lat' dir='ltr'><strong>et</strong></span> <span class='ocrx_word' id='word_1_331' title='bbox 1344 2525 1411 2572; x_wconf 92' lang='lat'><strong>14,</strong></span> <span class='ocrx_word' id='word_1_332' title='bbox 1435 2522 1586 2577; x_wconf 74' lang='grc' dir='ltr'>φανερὰ</span> <span class='ocrx_word' id='word_1_333' title='bbox 1607 2518 1655 2577; x_wconf 85' lang='grc' dir='ltr'><strong>ἧν</strong></span> <span class='ocrx_word' id='word_1_334' title='bbox 1676 2536 1710 2563; x_wconf 90' lang='lat' dir='ltr'><strong>c.</strong></span> <span class='ocrx_word' id='word_1_335' title='bbox 1739 2524 1790 2564; x_wconf 89' lang='lat'><strong>16</strong></span> 
     </span>
     <span class='ocr_line' id='line_1_34' title="bbox 77 2590 1680 2648; baseline 0.004 -19"><span class='ocrx_word' id='word_1_336' title='bbox 77 2590 214 2630; x_wconf 76' lang='lat' dir='ltr'><strong>omnia</strong></span> <span class='ocrx_word' id='word_1_337' title='bbox 244 2591 456 2632; x_wconf 90' lang='lat' dir='ltr'><strong>Plutarcho</strong></span> <span class='ocrx_word' id='word_1_338' title='bbox 488 2607 578 2634; x_wconf 87' lang='lat' dir='ltr'><strong>esse</strong></span> <span class='ocrx_word' id='word_1_339' title='bbox 608 2594 883 2644; x_wconf 88' lang='lat' dir='ltr'><strong>adiudicanda‚</strong></span> <span class='ocrx_word' id='word_1_340' title='bbox 918 2597 1023 2647; x_wconf 90' lang='lat' dir='ltr'><strong>quod</strong></span> <span class='ocrx_word' id='word_1_341' title='bbox 1056 2596 1158 2636; x_wconf 88' lang='lat' dir='ltr'><strong>infra</strong></span> <span class='ocrx_word' id='word_1_342' title='bbox 1190 2597 1229 2635; x_wconf 93' lang='lat' dir='ltr'><strong>in</strong></span> <span class='ocrx_word' id='word_1_343' title='bbox 1261 2597 1370 2636; x_wconf 88' lang='lat' dir='ltr'><strong>clara</strong></span> <span class='ocrx_word' id='word_1_344' title='bbox 1401 2597 1489 2635; x_wconf 90' lang='lat' dir='ltr'><strong>luce</strong></span> <span class='ocrx_word' id='word_1_345' title='bbox 1521 2609 1680 2648; x_wconf 88' lang='lat' dir='ltr'><strong>ponam.</strong></span> 
     </span>
    </p>

    <p class='ocr_par' dir='ltr' id='par_1_7' title="bbox 76 2658 1792 2863">
     <span class='ocr_line' id='line_1_35' title="bbox 218 2658 1792 2719; baseline 0.003 -17"><span class='ocrx_word' id='word_1_346' title='bbox 218 2662 282 2711; x_wconf 86' lang='lat' dir='ltr'><strong>At,</strong></span> <span class='ocrx_word' id='word_1_347' title='bbox 314 2664 457 2704; x_wconf 87' lang='lat' dir='ltr'><strong>dixerit</strong></span> <span class='ocrx_word' id='word_1_348' title='bbox 488 2666 644 2717; x_wconf 75' lang='lat' dir='ltr'><strong>aliquis,</strong></span> <span class='ocrx_word' id='word_1_349' title='bbox 679 2680 843 2718; x_wconf 89' lang='lat' dir='ltr'><strong>operam</strong></span> <span class='ocrx_word' id='word_1_350' title='bbox 875 2668 1027 2719; x_wconf 90' lang='lat' dir='ltr'><strong>perdis!</strong></span> <span class='ocrx_word' id='word_1_351' title='bbox 1063 2682 1157 2708; x_wconf 88' lang='lat' dir='ltr'><strong>nam</strong></span> <span class='ocrx_word' id='word_1_352' title='bbox 1177 2668 1366 2718; x_wconf 85' lang='lat' dir='ltr'><strong>Roesiger</strong></span> <span class='ocrx_word' id='word_1_353' title='bbox 1396 2658 1655 2718; x_wconf 86' lang='lat' dir='ltr'><strong>sagacissime</strong></span> <span class='ocrx_word' id='word_1_354' title='bbox 1685 2668 1792 2707; x_wconf 91' lang='lat' dir='ltr'><strong>inda·</strong></span> 
     </span>
     <span class='ocr_line' id='line_1_36' title="bbox 76 2733 1791 2791; baseline 0.005 -19"><span class='ocrx_word' id='word_1_355' title='bbox 76 2733 180 2783; x_wconf 80' lang='lat' dir='ltr'><strong>gavit</strong></span> <span class='ocrx_word' id='word_1_356' title='bbox 210 2734 470 2776; x_wconf 90' lang='lat' dir='ltr'><strong>Plutarchum</strong></span> <span class='ocrx_word' id='word_1_357' title='bbox 503 2736 579 2776; x_wconf 89' lang='lat' dir='ltr'><strong>sibi</strong></span> <span class='ocrx_word' id='word_1_358' title='bbox 610 2750 689 2778; x_wconf 90' lang='lat' dir='ltr'><strong>non</strong></span> <span class='ocrx_word' id='word_1_359' title='bbox 721 2744 915 2787; x_wconf 86' lang='lat' dir='ltr'><strong>constare,</strong></span> <span class='ocrx_word' id='word_1_360' title='bbox 950 2753 1029 2779; x_wconf 89' lang='lat' dir='ltr'><strong>non</strong></span> <span class='ocrx_word' id='word_1_361' title='bbox 1063 2741 1185 2779; x_wconf 85' lang='lat' dir='ltr'><strong>semel</strong></span> <span class='ocrx_word' id='word_1_362' title='bbox 1219 2740 1293 2780; x_wconf 91' lang='lat' dir='ltr'><strong>sibi</strong></span> <span class='ocrx_word' id='word_1_363' title='bbox 1326 2739 1499 2791; x_wconf 89' lang='lat' dir='ltr'><strong>obloqui,</strong></span> <span class='ocrx_word' id='word_1_364' title='bbox 1533 2753 1626 2790; x_wconf 83' lang='lat' dir='ltr'><strong>ergo</strong></span> <span class='ocrx_word' id='word_1_365' title='bbox 1658 2740 1791 2780; x_wconf 89' lang='lat' dir='ltr'><strong>iudicii</strong></span> 
     </span>
     <span class='ocr_line' id='line_1_37' title="bbox 76 2804 1790 2863; baseline 0.005 -19"><span class='ocrx_word' id='word_1_366' title='bbox 76 2804 137 2844; x_wconf 82' lang='lat' dir='ltr'><strong>sui</strong></span> <span class='ocrx_word' id='word_1_367' title='bbox 169 2811 396 2858; x_wconf 86' lang='lat' dir='ltr'><strong>compotem</strong></span> <span class='ocrx_word' id='word_1_368' title='bbox 424 2821 505 2848; x_wconf 88' lang='lat' dir='ltr'><strong>non</strong></span> <span class='ocrx_word' id='word_1_369' title='bbox 537 2821 638 2848; x_wconf 89' lang='lat' dir='ltr'><strong>esse.</strong></span> <span class='ocrx_word' id='word_1_370' title='bbox 705 2809 887 2851; x_wconf 89' lang='lat' dir='ltr'><strong>Concedo</strong></span> <span class='ocrx_word' id='word_1_371' title='bbox 917 2812 1173 2851; x_wconf 87' lang='lat' dir='ltr'><strong>Plutarchum</strong></span> <span class='ocrx_word' id='word_1_372' title='bbox 1208 2825 1493 2863; x_wconf 89' lang='lat' dir='ltr'><strong>nonnunquam</strong></span> <span class='ocrx_word' id='word_1_373' title='bbox 1527 2812 1601 2851; x_wconf 89' lang='lat' dir='ltr'><strong>sibi</strong></span> <span class='ocrx_word' id='word_1_374' title='bbox 1633 2812 1790 2852; x_wconf 82' lang='lat' dir='ltr'><strong>deesse3</strong></span> 
     </span>
    </p>
   </div>
   <div class='ocr_carea' id='block_1_3' title="bbox 77 2895 1792 2997">
    <p class='ocr_par' dir='ltr' id='par_1_8' title="bbox 77 2895 1792 2997">
     <span class='ocr_line' id='line_1_38' title="bbox 219 2895 1792 2950; baseline 0.004 -17"><span class='ocrx_word' id='word_1_375' title='bbox 219 2895 253 2942; x_wconf 82' lang='grc' dir='ltr'><strong>ι)</strong></span> <span class='ocrx_word' id='word_1_376' title='bbox 277 2897 321 2934; x_wconf 85' lang='grc' dir='ltr'><strong>Η.</strong></span> <span class='ocrx_word' id='word_1_377' title='bbox 347 2899 536 2945; x_wconf 87' lang='lat' dir='ltr'><strong>Sauppe</strong></span> <span class='ocrx_word' id='word_1_378' title='bbox 562 2897 632 2935; x_wconf 76' lang='lat' dir='ltr'><strong>‘die</strong></span> <span class='ocrx_word' id='word_1_379' title='bbox 651 2901 801 2946; x_wconf 87' lang='lat' dir='ltr'><strong>Quellen</strong></span> <span class='ocrx_word' id='word_1_380' title='bbox 820 2903 1010 2939; x_wconf 85' lang='lat' dir='ltr'><strong>Plutarchs</strong></span> <span class='ocrx_word' id='word_1_381' title='bbox 1039 2905 1095 2939; x_wconf 78' lang='grc' dir='ltr'><strong>Γῡι·</strong></span> <span class='ocrx_word' id='word_1_382' title='bbox 1121 2904 1186 2941; x_wconf 85' lang='lat' dir='ltr'><strong>das</strong></span> <span class='ocrx_word' id='word_1_383' title='bbox 1204 2903 1325 2945; x_wconf 82' lang='lat' dir='ltr'><strong>Leben</strong></span> <span class='ocrx_word' id='word_1_384' title='bbox 1351 2904 1414 2939; x_wconf 90' lang='lat' dir='ltr'><strong>des</strong></span> <span class='ocrx_word' id='word_1_385' title='bbox 1431 2903 1608 2946; x_wconf 82' lang='lat' dir='ltr'><strong>Pericles&#39;,</strong></span> <span class='ocrx_word' id='word_1_386' title='bbox 1636 2903 1732 2940; x_wconf 88' lang='lat' dir='ltr'><strong>Abh.</strong></span> <span class='ocrx_word' id='word_1_387' title='bbox 1757 2904 1792 2950; x_wconf 64' lang='lat' dir='ltr'><strong>d,</strong></span> 
     </span>
     <span class='ocr_line' id='line_1_39' title="bbox 77 2955 614 2997; baseline 0.007 -6"><span class='ocrx_word' id='word_1_388' title='bbox 77 2955 110 2992; x_wconf 83' lang='lat' dir='ltr'><strong>k.</strong></span> <span class='ocrx_word' id='word_1_389' title='bbox 137 2955 178 2992; x_wconf 88' lang='lat' dir='ltr'><strong>G.</strong></span> <span class='ocrx_word' id='word_1_390' title='bbox 206 2957 240 2993; x_wconf 90' lang='lat' dir='ltr'><strong>d.</strong></span> <span class='ocrx_word' id='word_1_391' title='bbox 266 2957 322 2993; x_wconf 82' lang='lat' dir='ltr'><strong>W.</strong></span> <span class='ocrx_word' id='word_1_392' title='bbox 349 2970 376 2994; x_wconf 86' lang='lat' dir='ltr'><strong>z.</strong></span> <span class='ocrx_word' id='word_1_393' title='bbox 404 2957 499 2995; x_wconf 78' lang='lat' dir='ltr'><strong>Gott.</strong></span> <span class='ocrx_word' id='word_1_394' title='bbox 524 2959 614 2997; x_wconf 87' lang='lat' dir='ltr'><strong>XIII.</strong></span> 
     </span>
    </p>
   </div>
   <div class='ocr_carea' id='block_1_4' title="bbox 74 2874 358 2882">
    <p class='ocr_par' dir='ltr' id='par_1_9' title="bbox 74 2874 358 2882">
     <span class='ocr_line' id='line_1_40' title="bbox 74 2874 358 2882; baseline 0 0"><span class='ocrx_word' id='word_1_395' title='bbox 74 2874 358 2882; x_wconf 95' lang='lat' dir='ltr'><strong> </strong></span> 
     </span>
    </p>
   </div>
  </div>
 </body>
</html>
