2138 3386
1092 255 1382 316 ...14-

529 386 635 429 Num
655 387 773 440 igitur
805 401 877 430 suo
904 390 987 432 iure
1008 391 1055 434 R.
1085 393 1325 434 contenderit
1344 393 1531 434 Duridem
1553 391 1857 435 Atheniensibus
1877 396 1916 435 et
1935 391 2072 436 Demo·

388 461 516 502 stheni
547 460 701 510 favisse,
734 466 776 501 tu
807 459 1053 511 decernasl¹)

526 532 606 572 Nec
629 532 855 584 prosperius
876 532 910 572 ei
931 546 994 572 res
1016 534 1135 573 cessit
1161 534 1374 585 explicanti
1403 534 1499 575 illud
1532 535 1704 576 studium
1734 535 1894 576 oracula
1918 527 2070 577 *et‘rata

387 603 576 654 Sibyllina
597 603 803 653 colligendi
825 603 873 642 ad
894 603 1050 643 Duridis
1071 604 1263 644 rationem
1283 605 1431 656 optime
1451 607 1641 657 quadrare
1661 606 1792 655 (Roes.
1814 620 1852 658 p.
1875 607 2068 657 «tamea,

387 676 455 723 46,
485 676 539 714 48
563 674 690 722 extr.).
736 674 788 713 At
807 674 970 714 Nitsche
995 675 1037 722 (l.
1060 675 1132 723 m.)
1164 688 1236 716 suo
1267 676 1352 716 iure
1380 676 1534 727 negavit
1562 677 1604 716 in
1623 677 1807 718 Eumenis
1827 682 1867 717 et
1885 676 2071 718 Demetrii

385 746 502 785 rebus
521 745 678 785 Duridis
708 745 871 794 vestigia
901 749 968 785 aut
998 746 1102 796 apud
1122 746 1338 786 Diodorum
1368 748 1444 787 aud
1475 748 1579 799 apud
1598 747 1855 788 Plutarchum
1881 747 1938 788 eis
1958 748 2070 798 locis,

386 816 526 868 quibus
557 816 650 855 talis
681 829 813 855 rerum
843 815 1063 855 divinarum
1093 829 1187 856 cura
1217 822 1400 868 apparet,
1442 823 1606 859 exstare.
1669 818 1816 860 Contra
1843 819 1942 859 illud
1978 819 2071 859 huic

384 886 548 937 largitus
580 891 650 935 est,
683 886 724 926 in
743 886 970 936 Agathoclis
997 888 1114 927 rebus
1144 888 1361 928 locutiones
1391 889 1480 929 illas
1511 883 1606 941 ὅπερ
1635 887 1705 927 ’καὶ
1733 887 1872 943 συνέβη
1902 888 2003 930 alias
2030 888 2070 928 id

386 970 508 1008 genus
541 957 605 1005 (cf.
628 957 745 999 Roes.
779 970 817 1008 p.
852 956 924 1006 28)
955 957 1112 997 Duridis
1144 959 1323 1010 proprias
1355 973 1454 1000 esse.
1505 960 1557 1000 At
1588 960 1653 1000 ubi
1682 960 1760 1000 tale
1790 960 2001 1012 quicquam
2030 959 2070 999 in

383 1028 585 1070 Demosth.
608 1028 687 1067 vita
716 1028 901 1079 reperias,
935 1028 1011 1067 nisi
1042 1029 1142 1068 forte
1172 1028 1334 1070 iteratus
1365 1043 1502 1070 versus
1531 1027 1660 1069 ’κλαίει
1690 1025 1711 1069 ὃ
1741 1028 1926 1085 νικηθείς
1945 1042 1988 1071 ο.»
2010 1030 2067 1071 21

385 1100 468 1140 eius
499 1099 555 1138 rei
586 1100 810 1150 exemplum
843 1099 1012 1150 praebet,
1046 1100 1150 1150 quod
1180 1100 1363 1140 omnibus
1395 1102 1636 1151 argutiarum
1665 1101 1833 1142 inimicis
1863 1100 2071 1142 ridiculum

384 1170 504 1210 videri
534 1175 641 1221 puto.
703 1170 908 1210 Praeterea
938 1169 1100 1226 Nitsche
1137 1170 1251 1210 evicit
1288 1176 1426 1212 vocem
1459 1170 1561 1225 τὺχη
1598 1172 1639 1212 in
1668 1172 1760 1214 hist.
1790 1172 2072 1212 diadochorum

385 1242 520 1281 crebro
559 1245 731 1289 exstare,
774 1245 910 1280 contra
946 1240 984 1280 in
1022 1241 1139 1280 rebus
1178 1241 1408 1291 Agathoclis
1445 1243 1678 1282 vocabulum
1711 1239 2068 1296 &mudum-magis

382 1312 541 1362 vulgare
571 1323 670 1360 esse,
704 1311 806 1351 unde
836 1311 991 1361 collegit
1021 1312 1148 1351 fontes
1179 1312 1319 1352 harum
1352 1313 1522 1364 partium
1542 1313 1716 1353 diversos
1743 1326 1843 1354 esse.
1895 1313 1998 1354 Nam
2027 1313 2068 1354 in

385 1383 496 1422 Eum.
519 1382 584 1422 vit.
607 1387 703 1422 extr.
727 1395 864 1422 vocem
883 1378 1077 1434 δαιμόνιον
1096 1395 1175 1422 non
1196 1382 1327 1429 fontis,
1361 1384 1428 1423 sed
1449 1384 1647 1423 Plutarchi
1676 1384 1798 1424 vitam
1826 1383 2069 1424 conficientis

384 1466 483 1493 esse.
536 1453 649 1501 Quod
671 1453 704 1492 si
730 1453 892 1492 Nitsche
911 1458 1016 1493 recte
1045 1453 1267 1504 disputavit,
1300 1466 1426 1504 neque
1456 1459 1516 1494 est
1545 1467 1616 1494 cur
1644 1454 1878 1504 dubitemus,
1910 1452 2069 1495 Diodori

383 1524 501 1564 XVIII
521 1526 590 1572 59,
624 1523 690 1575 qui
720 1524 831 1564 locus
863 1523 1008 1563 mirum
1037 1524 1078 1564 in
1108 1525 1269 1564 modum
1291 1537 1381 1564 cum
1401 1525 1502 1565 Plut.
1525 1526 1727 1568 Demosth.
1750 1538 1783 1565 c.
1810 1527 1862 1566 19
1884 1524 2066 1575 concinit,

383 1608 431 1635 ex
451 1594 596 1634 Duride
625 1608 705 1634 non
735 1595 923 1646 repetitus
954 1600 1025 1635 est.
1079 1594 1165 1643 Qua
1195 1596 1242 1634 de
1273 1608 1395 1635 causa
1425 1609 1516 1635 cum
1544 1596 1647 1637 hanc
1667 1596 1826 1636 Diodori
1846 1602 1998 1648 partem
2017 1597 2068 1636 ab

384 1667 460 1706 alio
477 1667 667 1717 scriptore
681 1666 935 1716 (Hieronymo
945 1665 1138 1705 Cardiano
1146 1664 1183 1713 ?)
1193 1667 1360 1716 pendere
1374 1666 1582 1706 verisimile
1593 1666 1654 1715 sit,
1672 1671 1711 1707 et
1721 1666 1884 1718 vestigia
1893 1666 2067 1707 eiusdem

382 1738 423 1777 in
444 1738 545 1777 Plut.
562 1737 764 1777 Demosth.
791 1738 844 1777 19
866 1737 1041 1787 prolatae
1066 1736 1261 1787 opinionis
1282 1738 1386 1788 apud
1406 1737 1710 1777 Demosthenem
1729 1738 1872 1789 ipsum,
1895 1737 1943 1777 id
1964 1738 2067 1788 quod

383 1821 454 1848 suo
475 1809 561 1848 loco
579 1808 870 1856 demonstrabo,
893 1807 1147 1856 inveniantur,
1170 1820 1212 1846 re
1232 1821 1322 1846 vera
1342 1807 1450 1847 illam
1471 1808 1519 1847 de
1539 1809 1718 1848 fortunae
1737 1804 2066 1848 vicissitudinibus

383 1879 607 1931 opinionem
627 1879 705 1918 illis
727 1876 970 1930 temporibus
991 1878 1162 1918 maxime
1182 1879 1382 1927 vulgarem
1395 1878 1517 1917 fuisse
1533 1883 1575 1917 ut
1589 1884 1808 1936 statuamus
1824 1879 2064 1918 adducirnur.

522 1949 651 1989 Aliam
675 1962 848 1998 causam,
873 1961 942 1988 cur
962 1949 1216 1989 Plutarchum
1239 1949 1287 1988 ad
1308 1949 1493 1988 Duridem
1515 1962 1558 1988 se
1578 1962 1657 1989 non
1677 1940 2065 2001 applicasseputem,

382 2025 514 2072 repeto
528 2033 575 2059 ex
588 2019 745 2059 Duridis
762 2019 983 2059 fabularum
999 2024 1035 2058 et
1051 2019 1431 2058 narratiuncularum
1447 2020 1680 2060 delicatioris
1697 2025 1813 2060 notae
1833 2020 2065 2072 captatione.

383 2092 485 2131 Nam
514 2091 578 2130 vix
610 2104 705 2130 casu
735 2090 883 2130 factum
913 2095 984 2138 est,
1016 2094 1059 2129 ut
1089 2102 1136 2129 ex
1170 2091 1224 2129 84
1256 2089 1339 2128 eius
1371 2090 1610 2139 fragmentis,
1643 2103 1744 2141 quae
1773 2091 1872 2130 forte
1901 2095 2067 2130 aetatem

382 2164 565 2211 tulerunt,
590 2162 758 2203 16—18
780 2161 955 2209 vestitus,
977 2161 1067 2210 vini,
1090 2160 1323 2199 feminarum
1343 2161 1585 2200 laudatorem
1606 2173 1696 2200 eum
1716 2160 1838 2200 fuisse
1857 2161 2065 2201 declarent.

382 2234 474 2273 Inde
504 2246 595 2273 eum
625 2246 704 2272 non
735 2232 851 2271 modo
881 2232 982 2271 vitae
1012 2231 1199 2271 delicatae
1230 2231 1402 2270 deditum
1432 2231 1565 2280 fuisse,
1600 2233 1667 2271 sed
1698 2232 1815 2272 etiam
1841 2245 1903 2271 res
1925 2237 1963 2271 et
1984 2240 2066 2283 per-

383 2318 503 2344 sonas
525 2304 651 2355 magis
672 2304 909 2355 depinxisse,
942 2316 1061 2353 quam
1082 2303 1218 2353 quales
1240 2302 1406 2341 fuissent
1426 2315 1642 2351 enarrasse,
1675 2304 1811 2351 elucet,
1844 2308 1882 2342 et
1902 2303 2067 2353 quadrat

382 2377 431 2416 ad
462 2376 537 2415 hoc
568 2375 725 2426 optime,
760 2376 864 2425 quod
894 2379 993 2414 teste
1012 2373 1151 2413 Photio
1183 2373 1292 2422 (bibl.
1326 2374 1410 2412 cod.
1437 2374 1518 2414 176
1550 2387 1587 2424 p.
1614 2374 1724 2414 1211>
1756 2375 1782 2413 4
1813 2372 1950 2422 Bekk.)
1980 2373 2066 2424 ipse

383 2445 487 2485 istud
518 2446 717 2499 μιμήσεως
748 2445 922 2484 studium
951 2444 1044 2484 boni
1075 2443 1278 2495 scriptoris
1301 2443 1457 2494 signum
1478 2456 1566 2483 esse
1587 2444 1738 2483 censuit
1758 2444 1922 2496 ideoque
1942 2443 2066 2483 Theo-

384 2530 574 2568 pompum
605 2522 642 2556 et
673 2517 884 2567 Ephorum,
919 2516 985 2567 qui
1015 2515 1082 2555 illo
1114 2519 1275 2565 comptu
1305 2519 1492 2562 carerent,
1523 2515 1684 2566 respuit.
1995 2518 1997 2521 ⁴

524 2587 632 2635 Quae
663 2600 753 2626 cum
783 2587 837 2626 ita
868 2587 957 2635 sint,
991 2585 1375 2626 animadvertendum
1406 2589 1477 2633 est,
1517 2598 1636 2635 quam
1666 2598 1745 2624 non
1776 2585 1816 2624 in
1845 2584 1956 2624 Dem.
1987 2583 2065 2623 vita

382 2658 505 2698 oratio
537 2663 575 2697 et
604 2658 814 2709 descriptio
835 2671 966 2697 rerum
987 2669 1078 2697 cum
1098 2655 1254 2696 Duridis
1276 2655 1426 2695 ratione
1447 2656 1661 2695 conveniat.
1706 2655 1940 2695 Plutarchus
1960 2654 2065 2694 enirn

384 2735 444 2769 est
472 2730 596 2769 multo
626 2728 821 2768 astrictior
851 2730 1052 2779 multoque
1090 2726 1373 2777 diligentiorem
1410 2740 1452 2766 se
1482 2728 1641 2778 praebet
1671 2727 1711 2766 in
1741 2725 1972 2777 recipiendis
2002 2725 2063 2774 iis,

523 2842 553 2888 ¹)
573 2844 738 2879 Ceterum
754 2845 796 2879 R.
815 2847 1006 2888 postquam
1030 2843 1121 2878 falso
1143 2845 1283 2887 partem
1308 2843 1404 2878 vitae
1420 2840 1546 2877 Duridi
1570 2839 1776 2885 assignavit,
1802 2839 1952 2875 rationis
1977 2850 2062 2874 suae

382 2902 488 2950 plane
505 2903 635 2938 oblitus
651 2915 686 2949 p.
703 2903 749 2938 45
775 2903 936 2938 concedit
958 2900 1209 2937 Demosthenis
1231 2900 1319 2936 vitia
1341 2900 1489 2936 minime
1513 2910 1535 2935 a
1550 2898 1683 2934 Duride
1707 2897 1959 2943 praetermissa
1975 2907 2062 2940 esse,

382 2962 446 2997 sed
471 2962 557 2998 satis
580 2972 756 3008 superque
781 2961 921 3007 exponi,
949 2973 1030 2997 cum
1054 2961 1149 3006 apud
1167 2960 1413 2996 Chaeroneam
1428 2959 1466 2994 in
1484 2959 1557 2994 acie
1575 2957 1802 3001 constitisset,
1829 2968 1910 2992 eum
1935 2955 2062 3001 ignave

384 3024 524 3069 tergum
548 3020 708 3058 vertisse.
